Timestamp,GasPrice,MinutesElapsed
2025-03-03 15:17:06.021789+00:00,3.692038355,0.0
2025-03-03 15:17:07.492305+00:00,3.692038355,0.0245086
2025-03-03 15:17:08.962576+00:00,3.692038355,0.04901311666666666
2025-03-03 15:17:10.433996+00:00,3.692038355,0.07353678333333334
2025-03-03 15:17:11.909746+00:00,3.692038355,0.09813261666666667
2025-03-03 15:17:13.417388+00:00,3.899254421,0.12325998333333334
2025-03-03 15:17:14.973397+00:00,3.899254421,0.14919346666666666
2025-03-03 15:17:16.471913+00:00,3.899254421,0.17416873333333335
2025-03-03 15:17:17.929505+00:00,3.899254421,0.19846193333333334
2025-03-03 15:17:19.409068+00:00,3.899254421,0.22312131666666665
2025-03-03 15:17:20.969059+00:00,3.899254421,0.24912116666666667
2025-03-03 15:17:22.447765+00:00,3.899254421,0.27376626666666665
2025-03-03 15:17:23.943159+00:00,3.880591764,0.2986895
2025-03-03 15:17:25.540823+00:00,3.880591764,0.32531723333333334
2025-03-03 15:17:27.407940+00:00,3.880591764,0.35643585000000005
2025-03-03 15:17:29.091890+00:00,3.880591764,0.38450168333333334
2025-03-03 15:17:30.870628+00:00,3.880591764,0.4141473166666667
2025-03-03 15:17:32.699494+00:00,3.880591764,0.44462841666666664
2025-03-03 15:17:34.448775+00:00,3.847489479,0.4737831
2025-03-03 15:17:35.991002+00:00,3.847489479,0.49948688333333335
2025-03-03 15:17:37.941238+00:00,3.847489479,0.5319908166666667
2025-03-03 15:17:39.632828+00:00,3.847489479,0.5601839833333333
2025-03-03 15:17:41.313331+00:00,3.847489479,0.5881923666666666
2025-03-03 15:17:43.880864+00:00,3.58797345,0.6309845833333333
2025-03-03 15:17:45.605607+00:00,3.58797345,0.6597303
2025-03-03 15:17:47.509052+00:00,3.58797345,0.6914543833333333
2025-03-03 15:17:49.157249+00:00,3.58797345,0.7189243333333334
2025-03-03 15:17:51.030242+00:00,3.58797345,0.7501408833333334
2025-03-03 15:17:52.774612+00:00,3.58797345,0.7792137166666666
2025-03-03 15:17:54.390300+00:00,3.471524713,0.8061418499999999
2025-03-03 15:17:55.874758+00:00,3.471524713,0.8308828166666667
2025-03-03 15:17:57.428246+00:00,3.471524713,0.8567742833333334
2025-03-03 15:17:59.041120+00:00,3.471524713,0.8836555166666666
2025-03-03 15:18:00.765794+00:00,3.471524713,0.9124000833333333
2025-03-03 15:18:02.382280+00:00,3.471524713,0.9393415166666668
2025-03-03 15:18:03.904707+00:00,3.471524713,0.9647152999999999
2025-03-03 15:18:05.585822+00:00,3.471524713,0.9927338833333333
2025-03-03 15:18:07.180534+00:00,3.471524713,1.0193124166666667
2025-03-03 15:18:09.068299+00:00,3.471524713,1.0507751666666667
2025-03-03 15:18:10.601027+00:00,3.471524713,1.0763206333333335
2025-03-03 15:18:12.075277+00:00,3.471524713,1.1008914666666667
2025-03-03 15:18:13.705808+00:00,3.313226827,1.1280669833333334
2025-03-03 15:18:15.241385+00:00,3.313226827,1.1536599333333333
2025-03-03 15:18:16.849114+00:00,3.313226827,1.1804554166666668
2025-03-03 15:18:18.486314+00:00,3.313226827,1.2077420833333332
2025-03-03 15:18:20.022608+00:00,3.313226827,1.2333469833333335
2025-03-03 15:18:21.596454+00:00,3.313226827,1.2595777499999998
2025-03-03 15:18:23.299793+00:00,3.395956773,1.2879667333333333
2025-03-03 15:18:24.867436+00:00,3.395956773,1.3140941166666666
2025-03-03 15:18:26.454865+00:00,3.395956773,1.3405512666666666
2025-03-03 15:18:28.111684+00:00,3.395956773,1.3681649166666667
2025-03-03 15:18:29.646839+00:00,3.395956773,1.3937508333333333
2025-03-03 15:18:31.334602+00:00,3.395956773,1.4218802166666669
2025-03-03 15:18:32.965445+00:00,3.395956773,1.4490609333333333
2025-03-03 15:18:34.628918+00:00,3.37636996,1.4767854833333334
2025-03-03 15:18:36.303373+00:00,3.37636996,1.5046930666666667
2025-03-03 15:18:37.942615+00:00,3.37636996,1.5320137666666667
2025-03-03 15:18:39.500033+00:00,3.37636996,1.5579707333333335
2025-03-03 15:18:41.117090+00:00,3.37636996,1.5849216833333335
2025-03-03 15:18:42.663254+00:00,3.37636996,1.6106910833333332
2025-03-03 15:18:44.209532+00:00,3.213273109,1.6364623833333334
2025-03-03 15:18:45.916550+00:00,3.213273109,1.6649126833333334
2025-03-03 15:18:47.465619+00:00,3.213273109,1.6907305000000001
2025-03-03 15:18:49.177990+00:00,3.213273109,1.7192700166666666
2025-03-03 15:18:50.743495+00:00,3.213273109,1.7453617666666665
2025-03-03 15:18:52.442061+00:00,3.213273109,1.7736712
2025-03-03 15:18:54.175526+00:00,3.317773104,1.8025622833333335
2025-03-03 15:18:55.805701+00:00,3.317773104,1.8297318666666667
2025-03-03 15:18:58.513184+00:00,3.317773104,1.8748565833333333
2025-03-03 15:19:00.108681+00:00,3.317773104,1.9014482000000001
2025-03-03 15:19:01.699885+00:00,3.317773104,1.9279682666666667
2025-03-03 15:19:03.347133+00:00,3.317773104,1.9554224
2025-03-03 15:19:05.077051+00:00,3.139433815,1.9842543666666665
2025-03-03 15:19:06.762346+00:00,3.139433815,2.0123426166666665
2025-03-03 15:19:08.457937+00:00,3.139433815,2.040602466666667
2025-03-03 15:19:10.201546+00:00,3.139433815,2.0696626166666667
2025-03-03 15:19:11.942278+00:00,3.139433815,2.0986748166666667
2025-03-03 15:19:13.679381+00:00,3.139433815,2.1276265333333333
2025-03-03 15:19:15.418924+00:00,3.139433815,2.1566189166666665
2025-03-03 15:19:17.160234+00:00,3.139433815,2.1856407499999997
2025-03-03 15:19:18.857786+00:00,3.139433815,2.213933283333333
2025-03-03 15:19:20.322830+00:00,3.139433815,2.238350683333333
2025-03-03 15:19:21.977565+00:00,3.139433815,2.2659295999999998
2025-03-03 15:19:23.725795+00:00,3.477484581,2.2950667666666664
2025-03-03 15:19:25.462955+00:00,3.477484581,2.3240194333333335
2025-03-03 15:19:26.964392+00:00,3.477484581,2.349043383333333
2025-03-03 15:19:28.570587+00:00,3.477484581,2.3758133
2025-03-03 15:19:30.165963+00:00,3.477484581,2.4024029
2025-03-03 15:19:31.908043+00:00,3.477484581,2.4314375666666668
2025-03-03 15:19:33.645984+00:00,3.477484581,2.4604032499999997
2025-03-03 15:19:35.340259+00:00,3.096677821,2.4886411666666666
2025-03-03 15:19:37.131272+00:00,3.096677821,2.5184913833333336
2025-03-03 15:19:38.870775+00:00,3.096677821,2.5474831
2025-03-03 15:19:40.548007+00:00,3.096677821,2.5754369666666665
2025-03-03 15:19:42.200865+00:00,3.096677821,2.6029846
2025-03-03 15:19:43.894703+00:00,3.480278868,2.6312152333333336
2025-03-03 15:19:45.465198+00:00,3.480278868,2.65739015
2025-03-03 15:19:46.998445+00:00,3.480278868,2.6829442666666665
2025-03-03 15:19:48.472830+00:00,3.480278868,2.7075173500000003
2025-03-03 15:19:50.029797+00:00,3.480278868,2.7334668
2025-03-03 15:19:51.505400+00:00,3.480278868,2.7580601833333334
2025-03-03 15:19:53.206537+00:00,3.480278868,2.786412466666667
2025-03-03 15:19:55.152874+00:00,3.281177101,2.818851416666667
2025-03-03 15:19:56.993472+00:00,3.281177101,2.8495280500000004
2025-03-03 15:19:59.044153+00:00,3.281177101,2.883706066666667
2025-03-03 15:20:00.784586+00:00,3.281177101,2.9127132833333333
2025-03-03 15:20:02.395777+00:00,3.281177101,2.9395664666666668
2025-03-03 15:20:04.061432+00:00,3.407075756,2.9673273833333336
2025-03-03 15:20:05.830756+00:00,3.407075756,2.9968161166666665
2025-03-03 15:20:07.746827+00:00,3.407075756,3.0287506333333334
2025-03-03 15:20:09.300538+00:00,3.407075756,3.0546458166666666
2025-03-03 15:20:10.780681+00:00,3.407075756,3.0793148666666665
2025-03-03 15:20:12.400648+00:00,3.407075756,3.106314316666667
2025-03-03 15:20:14.405859+00:00,3.407075756,3.1397345000000003
2025-03-03 15:20:16.145979+00:00,3.407075756,3.1687365
2025-03-03 15:20:17.781527+00:00,3.407075756,3.1959956333333333
2025-03-03 15:20:19.419128+00:00,3.407075756,3.223288983333333
2025-03-03 15:20:21.160818+00:00,3.407075756,3.25231715
2025-03-03 15:20:22.798426+00:00,3.407075756,3.2796106166666665
2025-03-03 15:20:24.540090+00:00,3.041073918,3.3086383500000003
2025-03-03 15:20:26.485488+00:00,3.041073918,3.34106165
2025-03-03 15:20:28.015725+00:00,3.041073918,3.3665656
2025-03-03 15:20:29.764292+00:00,3.041073918,3.3957083833333335
2025-03-03 15:20:31.455711+00:00,3.041073918,3.4238987
2025-03-03 15:20:33.090921+00:00,3.041073918,3.4511522
2025-03-03 15:20:35.090425+00:00,3.42104415,3.4844772666666666
2025-03-03 15:20:36.832215+00:00,3.42104415,3.5135071
2025-03-03 15:20:38.571529+00:00,3.42104415,3.542495666666667
2025-03-03 15:20:40.516210+00:00,3.42104415,3.5749070166666663
2025-03-03 15:20:42.156061+00:00,3.42104415,3.602237866666667
2025-03-03 15:20:43.896133+00:00,3.42104415,3.6312390666666667
2025-03-03 15:20:45.535035+00:00,3.300928772,3.6585541000000004
2025-03-03 15:20:47.275935+00:00,3.300928772,3.6875690999999997
2025-03-03 15:20:48.811974+00:00,3.300928772,3.71316975
2025-03-03 15:20:50.550546+00:00,3.300928772,3.7421459500000003
2025-03-03 15:20:52.075745+00:00,3.300928772,3.767565933333333
2025-03-03 15:20:53.776008+00:00,3.300928772,3.79590365
2025-03-03 15:20:55.295676+00:00,3.300928772,3.82123145
2025-03-03 15:20:57.002368+00:00,3.300928772,3.8496763166666668
2025-03-03 15:20:58.740989+00:00,3.300928772,3.8786533333333333
2025-03-03 15:21:00.585809+00:00,3.300928772,3.909400333333333
2025-03-03 15:21:02.265740+00:00,3.300928772,3.9373991833333335
2025-03-03 15:21:03.851029+00:00,3.300928772,3.9638206666666664
2025-03-03 15:21:05.605896+00:00,3.176217984,3.99306845
2025-03-03 15:21:07.345776+00:00,3.176217984,4.02206645
2025-03-03 15:21:08.910901+00:00,3.176217984,4.048151866666667
2025-03-03 15:21:10.521337+00:00,3.176217984,4.074992466666667
2025-03-03 15:21:11.990537+00:00,3.176217984,4.099479133333333
2025-03-03 15:21:13.591531+00:00,3.176217984,4.126162366666667
2025-03-03 15:21:15.167689+00:00,3.375611111,4.152431666666667
2025-03-03 15:21:17.029171+00:00,3.375611111,4.183456366666666
2025-03-03 15:21:18.958620+00:00,3.375611111,4.21561385
2025-03-03 15:21:20.657695+00:00,3.375611111,4.243931766666667
2025-03-03 15:21:22.507409+00:00,3.375611111,4.274760333333333
2025-03-03 15:21:24.033491+00:00,3.375611111,4.300195033333334
2025-03-03 15:21:25.671441+00:00,3.375611111,4.3274942
2025-03-03 15:21:27.423846+00:00,3.375611111,4.3567009500000005
2025-03-03 15:21:29.195927+00:00,3.375611111,4.386235633333333
2025-03-03 15:21:30.795753+00:00,3.375611111,4.4128994
2025-03-03 15:21:32.375913+00:00,3.375611111,4.4392354
2025-03-03 15:21:34.072032+00:00,3.375611111,4.4675040500000005
2025-03-03 15:21:35.700886+00:00,3.049484789,4.494651616666667
2025-03-03 15:21:37.451241+00:00,3.049484789,4.523824200000001
2025-03-03 15:21:39.139944+00:00,3.049484789,4.55196925
2025-03-03 15:21:40.830751+00:00,3.049484789,4.580149366666666
2025-03-03 15:21:42.571687+00:00,3.049484789,4.6091649666666665
2025-03-03 15:21:44.151396+00:00,3.049484789,4.63549345
2025-03-03 15:21:45.690866+00:00,2.775852714,4.661151283333334
2025-03-03 15:21:47.486609+00:00,2.775852714,4.691080333333333
2025-03-03 15:21:49.010096+00:00,2.775852714,4.716471783333334
2025-03-03 15:21:50.462649+00:00,2.775852714,4.7406809999999995
2025-03-03 15:21:51.987778+00:00,2.775852714,4.766099816666666
2025-03-03 15:21:53.531111+00:00,2.775852714,4.791822033333333
2025-03-03 15:21:55.268777+00:00,2.775852714,4.820783133333333
2025-03-03 15:21:57.016623+00:00,2.567646339,4.849913900000001
2025-03-03 15:21:58.701261+00:00,2.567646339,4.877991199999999
2025-03-03 15:22:00.170107+00:00,2.567646339,4.902471966666667
2025-03-03 15:22:01.924834+00:00,2.567646339,4.931717416666667
2025-03-03 15:22:03.667913+00:00,2.567646339,4.9607687333333335
2025-03-03 15:22:05.238794+00:00,2.567646339,4.9869500833333325
2025-03-03 15:22:06.941239+00:00,2.88833925,5.015324166666667
2025-03-03 15:22:08.790239+00:00,2.88833925,5.046140833333333
2025-03-03 15:22:10.391072+00:00,2.88833925,5.072821383333333
2025-03-03 15:22:12.059954+00:00,2.88833925,5.100636083333333
2025-03-03 15:22:13.590559+00:00,2.88833925,5.126146166666667
2025-03-03 15:22:15.645091+00:00,2.88833925,5.160388366666667
2025-03-03 15:22:17.490053+00:00,3.136359437,5.191137733333333
2025-03-03 15:22:20.194314+00:00,3.136359437,5.23620875
2025-03-03 15:22:21.771769+00:00,3.136359437,5.262499666666667
2025-03-03 15:22:23.534647+00:00,3.136359437,5.291880966666667
2025-03-03 15:22:25.259765+00:00,3.136359437,5.320632933333333
2025-03-03 15:22:26.808267+00:00,3.136359437,5.3464412999999995
2025-03-03 15:22:28.346897+00:00,3.136359437,5.372085133333333
2025-03-03 15:22:30.077816+00:00,3.136359437,5.400933783333333
2025-03-03 15:22:32.249851+00:00,3.136359437,5.437134366666667
2025-03-03 15:22:33.951209+00:00,3.136359437,5.465490333333333
2025-03-03 15:22:35.749757+00:00,3.104121648,5.495466133333333
2025-03-03 15:22:37.542321+00:00,3.104121648,5.5253422
2025-03-03 15:22:39.204018+00:00,3.104121648,5.55303715
2025-03-03 15:22:41.044878+00:00,3.104121648,5.58371815
2025-03-03 15:22:42.784864+00:00,3.104121648,5.612717916666667
2025-03-03 15:22:44.526213+00:00,3.104121648,5.6417404
2025-03-03 15:22:46.258149+00:00,3.247252072,5.670606
2025-03-03 15:22:47.761416+00:00,3.247252072,5.69566045
2025-03-03 15:22:49.438935+00:00,3.247252072,5.7236191
2025-03-03 15:22:51.283180+00:00,3.247252072,5.754356516666666
2025-03-03 15:22:52.854424+00:00,3.247252072,5.780543916666667
2025-03-03 15:22:54.657550+00:00,3.247252072,5.810596016666667
2025-03-03 15:22:56.608902+00:00,3.210401245,5.84311855
2025-03-03 15:22:58.303973+00:00,3.210401245,5.871369733333333
2025-03-03 15:22:59.822398+00:00,3.210401245,5.896676816666667
2025-03-03 15:23:01.453153+00:00,3.210401245,5.923856066666667
2025-03-03 15:23:03.118612+00:00,3.210401245,5.9516137166666665
2025-03-03 15:23:04.725304+00:00,3.210401245,5.978391916666666
2025-03-03 15:23:06.440215+00:00,2.905855401,6.0069737666666665
2025-03-03 15:23:08.037169+00:00,2.905855401,6.033589666666667
2025-03-03 15:23:09.664514+00:00,2.905855401,6.060712083333333
2025-03-03 15:23:11.142513+00:00,2.905855401,6.0853454
2025-03-03 15:23:12.889736+00:00,2.905855401,6.114465783333333
2025-03-03 15:23:14.396304+00:00,2.905855401,6.139575249999999
2025-03-03 15:23:15.896665+00:00,2.905855401,6.164581266666667
2025-03-03 15:23:17.495835+00:00,2.905855401,6.1912341
2025-03-03 15:23:19.136363+00:00,2.905855401,6.218576233333334
2025-03-03 15:23:20.899601+00:00,2.905855401,6.247963533333333
2025-03-03 15:23:22.710887+00:00,2.905855401,6.278151633333334
2025-03-03 15:23:24.357205+00:00,2.905855401,6.305590266666667
2025-03-03 15:23:26.100123+00:00,3.218282015,6.3346389
2025-03-03 15:23:27.802057+00:00,3.218282015,6.363004466666666
2025-03-03 15:23:29.410542+00:00,3.218282015,6.38981255
2025-03-03 15:23:31.119850+00:00,3.218282015,6.418301016666666
2025-03-03 15:23:32.758045+00:00,3.218282015,6.445604266666667
2025-03-03 15:23:34.449155+00:00,3.218282015,6.473789433333334
2025-03-03 15:23:36.172305+00:00,3.318959101,6.5025086
2025-03-03 15:23:37.670142+00:00,3.318959101,6.52747255
2025-03-03 15:23:39.402890+00:00,3.318959101,6.556351683333333
2025-03-03 15:23:41.151187+00:00,3.318959101,6.585489966666667
2025-03-03 15:23:42.785589+00:00,3.318959101,6.61273
2025-03-03 15:23:44.323755+00:00,3.318959101,6.6383661
2025-03-03 15:23:46.064479+00:00,3.318959101,6.6673781666666665
2025-03-03 15:23:47.897541+00:00,3.130601742,6.6979292
2025-03-03 15:23:49.549500+00:00,3.130601742,6.72546185
2025-03-03 15:23:51.281418+00:00,3.130601742,6.75432715
2025-03-03 15:23:53.031609+00:00,3.130601742,6.783497
2025-03-03 15:23:54.576827+00:00,3.130601742,6.809250633333334
2025-03-03 15:23:56.102864+00:00,3.130601742,6.834684583333333
2025-03-03 15:23:57.679701+00:00,3.119385931,6.8609652
2025-03-03 15:23:59.277169+00:00,3.119385931,6.887589666666667
2025-03-03 15:24:01.017874+00:00,3.119385931,6.9166014166666665
2025-03-03 15:24:02.753173+00:00,3.119385931,6.9455230666666665
2025-03-03 15:24:04.498323+00:00,3.119385931,6.974608900000001
2025-03-03 15:24:06.175750+00:00,3.119385931,7.002566016666666
2025-03-03 15:24:07.916651+00:00,2.957232702,7.0315810333333335
2025-03-03 15:24:09.554754+00:00,2.957232702,7.0588827499999995
2025-03-03 15:24:11.132778+00:00,2.957232702,7.085183150000001
2025-03-03 15:24:12.791672+00:00,2.957232702,7.112831383333333
2025-03-03 15:24:14.535970+00:00,2.957232702,7.141903016666666
2025-03-03 15:24:16.372232+00:00,2.957232702,7.1725073833333335
2025-03-03 15:24:18.323452+00:00,3.184347824,7.205027716666667
2025-03-03 15:24:22.415248+00:00,3.184347824,7.273224316666667
2025-03-03 15:24:24.054172+00:00,3.184347824,7.300539716666666
2025-03-03 15:24:25.799635+00:00,3.184347824,7.329630766666667
2025-03-03 15:24:27.775677+00:00,3.184347824,7.3625648
2025-03-03 15:24:29.484555+00:00,3.184347824,7.3910461
2025-03-03 15:24:31.126621+00:00,3.184347824,7.418413866666667
2025-03-03 15:24:32.764683+00:00,3.184347824,7.4457149
2025-03-03 15:24:34.605830+00:00,3.184347824,7.476400683333334
2025-03-03 15:24:36.155458+00:00,3.184347824,7.502227816666666
2025-03-03 15:24:37.883200+00:00,3.083426891,7.531023516666666
2025-03-03 15:24:39.599986+00:00,3.083426891,7.559636616666666
2025-03-03 15:24:41.254275+00:00,3.083426891,7.5872081
2025-03-03 15:24:43.005455+00:00,3.083426891,7.616394433333334
2025-03-03 15:24:44.705935+00:00,3.083426891,7.644735766666667
2025-03-03 15:24:46.483534+00:00,3.083426891,7.674362416666667
2025-03-03 15:24:48.224093+00:00,3.226040835,7.703371733333333
2025-03-03 15:24:50.028312+00:00,3.226040835,7.73344205
2025-03-03 15:24:51.810460+00:00,3.226040835,7.763144516666667
2025-03-03 15:24:53.547531+00:00,3.226040835,7.7920957
2025-03-03 15:24:55.323789+00:00,3.226040835,7.821700000000001
2025-03-03 15:24:56.928237+00:00,3.155998827,7.8484408000000006
2025-03-03 15:24:58.392097+00:00,3.155998827,7.872838466666667
2025-03-03 15:25:00.107160+00:00,3.155998827,7.90142285
2025-03-03 15:25:01.574285+00:00,3.155998827,7.925874933333334
2025-03-03 15:25:03.071826+00:00,3.155998827,7.95083395
2025-03-03 15:25:04.710133+00:00,3.155998827,7.9781390666666665
2025-03-03 15:25:06.863885+00:00,3.155998827,8.014034933333333
2025-03-03 15:25:08.389109+00:00,2.967615554,8.039455333333333
2025-03-03 15:25:09.929256+00:00,2.967615554,8.06512445
2025-03-03 15:25:11.375504+00:00,2.967615554,8.089228583333334
2025-03-03 15:25:12.849008+00:00,2.967615554,8.113786983333334
2025-03-03 15:25:14.437049+00:00,2.967615554,8.140254333333333
2025-03-03 15:25:16.021760+00:00,2.967615554,8.166666183333334
2025-03-03 15:25:17.473411+00:00,3.016256153,8.190860366666666
2025-03-03 15:25:18.992863+00:00,3.016256153,8.216184566666666
2025-03-03 15:25:20.442510+00:00,3.016256153,8.24034535
2025-03-03 15:25:21.983394+00:00,3.016256153,8.26602675
2025-03-03 15:25:24.052823+00:00,3.016256153,8.300517233333332
2025-03-03 15:25:25.705145+00:00,3.016256153,8.328055933333333
2025-03-03 15:25:27.251922+00:00,3.016256153,8.353835550000001
2025-03-03 15:25:28.866455+00:00,3.016256153,8.380744433333334
2025-03-03 15:25:30.617890+00:00,3.016256153,8.409935016666667
2025-03-03 15:25:32.173520+00:00,3.016256153,8.435862183333333
2025-03-03 15:25:33.783822+00:00,3.016256153,8.46270055
2025-03-03 15:25:35.534179+00:00,3.016256153,8.491873166666666
2025-03-03 15:25:37.267175+00:00,2.978051436,8.520756433333334
2025-03-03 15:25:38.776872+00:00,2.978051436,8.545918050000001
2025-03-03 15:25:40.385062+00:00,2.978051436,8.572721216666668
2025-03-03 15:25:41.855775+00:00,2.978051436,8.5972331
2025-03-03 15:25:43.618563+00:00,2.978051436,8.6266129
2025-03-03 15:25:45.150626+00:00,2.978051436,8.652147283333333
2025-03-03 15:25:46.883746+00:00,2.978051436,8.681032616666666
2025-03-03 15:25:48.540679+00:00,2.908220515,8.708648166666668
2025-03-03 15:25:50.280701+00:00,2.908220515,8.737648533333333
2025-03-03 15:25:52.355036+00:00,2.908220515,8.772220783333333
2025-03-03 15:25:53.982672+00:00,2.908220515,8.799348049999999
2025-03-03 15:25:55.611275+00:00,2.908220515,8.826491433333333
2025-03-03 15:25:57.212157+00:00,2.908220515,8.853172800000001
2025-03-03 15:25:58.777021+00:00,2.811682054,8.879253866666666
2025-03-03 15:26:00.313756+00:00,2.811682054,8.904866116666666
2025-03-03 15:26:01.958312+00:00,2.811682054,8.932275383333332
2025-03-03 15:26:03.496402+00:00,2.811682054,8.957910216666667
2025-03-03 15:26:05.127709+00:00,2.811682054,8.985098666666666
2025-03-03 15:26:06.762298+00:00,2.811682054,9.012341816666666
2025-03-03 15:26:08.403289+00:00,2.807187596,9.039691666666666
2025-03-03 15:26:09.961391+00:00,2.807187596,9.065660033333334
2025-03-03 15:26:11.578031+00:00,2.807187596,9.092604033333334
2025-03-03 15:26:13.106095+00:00,2.807187596,9.118071766666667
2025-03-03 15:26:14.754281+00:00,2.807187596,9.145541533333333
2025-03-03 15:26:16.242072+00:00,2.807187596,9.17033805
2025-03-03 15:26:17.735410+00:00,2.70911265,9.195227016666667
2025-03-03 15:26:19.272015+00:00,2.70911265,9.2208371
2025-03-03 15:26:20.772935+00:00,2.70911265,9.245852433333333
2025-03-03 15:26:22.538691+00:00,2.70911265,9.275281699999999
2025-03-03 15:26:24.277312+00:00,2.70911265,9.304258716666668
2025-03-03 15:26:25.819179+00:00,2.70911265,9.3299565
2025-03-03 15:26:27.398070+00:00,2.70911265,9.356271349999998
2025-03-03 15:26:28.915935+00:00,2.770688942,9.3815691
2025-03-03 15:26:30.518502+00:00,2.770688942,9.40827855
2025-03-03 15:26:32.117147+00:00,2.770688942,9.434922633333334
2025-03-03 15:26:33.624359+00:00,2.770688942,9.460042833333334
2025-03-03 15:26:35.099305+00:00,2.770688942,9.484625266666665
2025-03-03 15:26:36.768731+00:00,2.770688942,9.512449033333333
2025-03-03 15:26:38.265500+00:00,2.770688942,9.537395183333333
2025-03-03 15:26:39.747580+00:00,2.770688942,9.562096516666665
2025-03-03 15:26:41.439143+00:00,2.770688942,9.590289233333333
2025-03-03 15:26:43.108401+00:00,2.770688942,9.618110199999998
2025-03-03 15:26:44.860978+00:00,2.770688942,9.647319816666668
2025-03-03 15:26:46.704787+00:00,2.770688942,9.678049966666666
2025-03-03 15:26:48.444532+00:00,2.779416986,9.707045716666666
2025-03-03 15:26:50.009838+00:00,2.779416986,9.733134150000001
2025-03-03 15:26:51.618203+00:00,2.779416986,9.759940233333333
2025-03-03 15:26:53.256070+00:00,2.779416986,9.787238016666667
2025-03-03 15:26:54.838517+00:00,2.779416986,9.813612133333333
2025-03-03 15:26:56.481760+00:00,2.779416986,9.840999516666667
2025-03-03 15:26:58.273582+00:00,2.624094538,9.870863216666667
2025-03-03 15:26:59.810004+00:00,2.624094538,9.89647025
2025-03-03 15:27:01.494602+00:00,2.624094538,9.924546883333333
2025-03-03 15:27:03.022677+00:00,2.624094538,9.9500148
2025-03-03 15:27:04.629632+00:00,2.624094538,9.976797383333333
2025-03-03 15:27:06.339401+00:00,2.624094538,10.005293533333335
2025-03-03 15:27:07.902737+00:00,2.624094538,10.031349133333332
2025-03-03 15:27:09.633631+00:00,2.677153547,10.060197366666667
2025-03-03 15:27:11.279729+00:00,2.677153547,10.087632333333334
2025-03-03 15:27:13.220326+00:00,2.677153547,10.119975616666666
2025-03-03 15:27:14.935834+00:00,2.677153547,10.148567416666667
2025-03-03 15:27:16.499791+00:00,2.677153547,10.174633366666665
2025-03-03 15:27:18.342519+00:00,2.699690379,10.2053455
2025-03-03 15:27:20.184881+00:00,2.699690379,10.236051533333333
2025-03-03 15:27:22.127358+00:00,2.699690379,10.26842615
2025-03-03 15:27:23.786754+00:00,2.699690379,10.29608275
2025-03-03 15:27:25.389997+00:00,2.699690379,10.322803466666667
2025-03-03 15:27:27.143002+00:00,2.699690379,10.352020216666666
2025-03-03 15:27:28.891565+00:00,2.616942956,10.381162933333334
2025-03-03 15:27:30.634783+00:00,2.616942956,10.410216566666666
2025-03-03 15:27:32.299749+00:00,2.616942956,10.437966
2025-03-03 15:27:34.177428+00:00,2.616942956,10.469260649999999
2025-03-03 15:27:35.751647+00:00,2.616942956,10.495497633333335
2025-03-03 15:27:37.274990+00:00,2.616942956,10.520886683333334
2025-03-03 15:27:38.938266+00:00,2.616942956,10.54860795
2025-03-03 15:27:40.510537+00:00,2.616942956,10.574812466666666
2025-03-03 15:27:42.106242+00:00,2.616942956,10.601407550000001
2025-03-03 15:27:43.777770+00:00,2.616942956,10.62926635
2025-03-03 15:27:45.466155+00:00,2.616942956,10.6574061
2025-03-03 15:27:47.221616+00:00,2.616942956,10.686663783333334
2025-03-03 15:27:48.962190+00:00,2.468009374,10.71567335
2025-03-03 15:27:50.706008+00:00,2.468009374,10.744736983333333
2025-03-03 15:27:52.547167+00:00,2.468009374,10.775422966666667
2025-03-03 15:27:54.490701+00:00,2.468009374,10.8078152
2025-03-03 15:27:55.989327+00:00,2.468009374,10.8327923
2025-03-03 15:27:57.772559+00:00,2.468009374,10.862512833333334
2025-03-03 15:27:59.507224+00:00,2.50335389,10.891423916666668
2025-03-03 15:28:01.247360+00:00,2.50335389,10.920426183333332
2025-03-03 15:28:02.786684+00:00,2.50335389,10.946081583333333
2025-03-03 15:28:04.519054+00:00,2.50335389,10.974954416666666
2025-03-03 15:28:06.154629+00:00,2.50335389,11.002214
2025-03-03 15:28:07.905592+00:00,2.50335389,11.031396716666666
2025-03-03 15:28:09.667990+00:00,2.335637132,11.060770016666668
2025-03-03 15:28:11.309925+00:00,2.335637132,11.0881356
2025-03-03 15:28:13.124627+00:00,2.335637132,11.118380633333334
2025-03-03 15:28:14.664755+00:00,2.335637132,11.144049433333333
2025-03-03 15:28:16.213450+00:00,2.335637132,11.169861016666665
2025-03-03 15:28:17.732893+00:00,2.335637132,11.195185066666665
2025-03-03 15:28:19.376583+00:00,2.377142075,11.2225799
2025-03-03 15:28:21.073659+00:00,2.377142075,11.2508645
2025-03-03 15:28:22.673237+00:00,2.377142075,11.277524133333333
2025-03-03 15:28:24.385907+00:00,2.377142075,11.306068633333332
2025-03-03 15:28:26.576909+00:00,2.377142075,11.342585333333334
2025-03-03 15:28:31.293017+00:00,2.118087851,11.421187133333332
2025-03-03 15:28:32.896512+00:00,2.118087851,11.447912050000001
2025-03-03 15:28:34.570392+00:00,2.118087851,11.47581005
2025-03-03 15:28:36.170838+00:00,2.118087851,11.502484149999999
2025-03-03 15:28:37.719590+00:00,2.118087851,11.528296683333334
2025-03-03 15:28:39.196745+00:00,2.380887939,11.552915933333333
2025-03-03 15:28:40.834063+00:00,2.380887939,11.580204566666668
2025-03-03 15:28:42.717835+00:00,2.380887939,11.611600766666667
2025-03-03 15:28:44.281247+00:00,2.380887939,11.637657633333333
2025-03-03 15:28:45.994531+00:00,2.380887939,11.666212366666667
2025-03-03 15:28:47.641598+00:00,2.380887939,11.693663483333333
2025-03-03 15:28:49.276701+00:00,2.380887939,11.7209152
2025-03-03 15:28:51.049932+00:00,2.380887939,11.75046905
2025-03-03 15:28:52.565756+00:00,2.380887939,11.775732783333332
2025-03-03 15:28:54.395218+00:00,2.380887939,11.806223816666666
2025-03-03 15:28:56.136288+00:00,2.380887939,11.83524165
2025-03-03 15:28:57.881070+00:00,2.380887939,11.86432135
2025-03-03 15:28:59.417696+00:00,2.301475036,11.889931783333333
2025-03-03 15:29:01.051500+00:00,2.301475036,11.917161850000001
2025-03-03 15:29:02.895758+00:00,2.301475036,11.947899483333334
2025-03-03 15:29:04.431403+00:00,2.301475036,11.973493566666667
2025-03-03 15:29:06.173712+00:00,2.301475036,12.002532050000001
2025-03-03 15:29:07.812108+00:00,2.301475036,12.029838649999999
2025-03-03 15:29:09.289712+00:00,2.206577886,12.054465383333334
2025-03-03 15:29:11.040115+00:00,2.206577886,12.083638766666667
2025-03-03 15:29:12.911000+00:00,2.206577886,12.114820183333334
2025-03-03 15:29:14.547352+00:00,2.206577886,12.142092716666667
2025-03-03 15:29:16.311280+00:00,2.206577886,12.171491516666666
2025-03-03 15:29:17.881736+00:00,2.206577886,12.197665783333333
2025-03-03 15:29:19.419779+00:00,2.229110279,12.223299833333334
2025-03-03 15:29:21.124604+00:00,2.229110279,12.251713583333332
2025-03-03 15:29:22.851691+00:00,2.229110279,12.280498366666666
2025-03-03 15:29:24.493383+00:00,2.229110279,12.3078599
2025-03-03 15:29:26.026405+00:00,2.229110279,12.333410266666668
2025-03-03 15:29:27.680009+00:00,2.229110279,12.360970333333334
2025-03-03 15:29:29.272454+00:00,2.163918757,12.387511083333333
2025-03-03 15:29:30.962048+00:00,2.163918757,12.415670983333333
2025-03-03 15:29:32.591667+00:00,2.163918757,12.4428313
2025-03-03 15:29:34.225602+00:00,2.163918757,12.470063549999999
2025-03-03 15:29:35.967267+00:00,2.163918757,12.4990913
2025-03-03 15:29:37.711677+00:00,2.163918757,12.5281648
2025-03-03 15:29:39.453893+00:00,2.034646942,12.557201733333333
2025-03-03 15:29:41.091457+00:00,2.034646942,12.584494466666666
2025-03-03 15:29:42.940633+00:00,2.034646942,12.615314066666667
2025-03-03 15:29:44.641743+00:00,2.034646942,12.6436659
2025-03-03 15:29:46.149338+00:00,2.034646942,12.668792483333334
2025-03-03 15:29:47.749123+00:00,2.034646942,12.695455566666668
2025-03-03 15:29:49.431911+00:00,2.034646942,12.723502033333334
2025-03-03 15:29:51.129081+00:00,2.034646942,12.7517882
2025-03-03 15:29:52.866541+00:00,2.034646942,12.780745866666667
2025-03-03 15:29:54.609097+00:00,2.034646942,12.809788466666667
2025-03-03 15:29:56.248525+00:00,2.034646942,12.837112266666667
2025-03-03 15:29:58.003410+00:00,2.034646942,12.86636035
2025-03-03 15:29:59.584239+00:00,2.285562965,12.8927075
2025-03-03 15:30:01.154136+00:00,2.285562965,12.91887245
2025-03-03 15:30:02.759017+00:00,2.285562965,12.945620466666666
2025-03-03 15:30:04.438878+00:00,2.285562965,12.97361815
2025-03-03 15:30:05.974118+00:00,2.285562965,12.999205483333332
2025-03-03 15:30:07.547600+00:00,2.285562965,13.025430183333333
2025-03-03 15:30:09.150502+00:00,2.285562965,13.052145216666666
2025-03-03 15:30:10.738125+00:00,2.169610891,13.0786056
2025-03-03 15:30:12.421612+00:00,2.169610891,13.106663716666667
2025-03-03 15:30:14.078525+00:00,2.169610891,13.134278933333333
2025-03-03 15:30:15.618221+00:00,2.169610891,13.159940533333334
2025-03-03 15:30:17.341934+00:00,2.169610891,13.188669083333334
2025-03-03 15:30:18.971410+00:00,2.169610891,13.215827016666667
2025-03-03 15:30:20.566096+00:00,2.241111276,13.242405116666667
2025-03-03 15:30:22.256146+00:00,2.241111276,13.270572616666668
2025-03-03 15:30:23.997416+00:00,2.241111276,13.299593783333334
2025-03-03 15:30:26.109168+00:00,2.241111276,13.334789650000001
2025-03-03 15:30:27.679381+00:00,2.241111276,13.360959866666667
2025-03-03 15:30:29.325090+00:00,2.241111276,13.388388350000001
2025-03-03 15:30:30.971033+00:00,2.371118882,13.415820733333334
2025-03-03 15:30:32.585697+00:00,2.371118882,13.442731799999999
2025-03-03 15:30:34.337986+00:00,2.371118882,13.471936616666666
2025-03-03 15:30:35.927837+00:00,2.371118882,13.498434133333335
2025-03-03 15:30:37.925038+00:00,2.371118882,13.531720816666667
2025-03-03 15:30:39.835905+00:00,2.371118882,13.5635686
2025-03-03 15:30:41.405229+00:00,2.325980398,13.589723999999999
2025-03-03 15:30:43.030178+00:00,2.325980398,13.616806483333333
2025-03-03 15:30:44.744375+00:00,2.325980398,13.645376433333332
2025-03-03 15:30:46.511833+00:00,2.325980398,13.674834066666667
2025-03-03 15:30:48.168892+00:00,2.325980398,13.702451716666667
2025-03-03 15:30:50.108995+00:00,2.325980398,13.734786766666668
2025-03-03 15:30:51.575036+00:00,2.325980398,13.759220783333335
2025-03-03 15:30:53.072861+00:00,2.325980398,13.784184533333333
2025-03-03 15:30:54.717798+00:00,2.325980398,13.81160015
2025-03-03 15:30:56.336433+00:00,2.325980398,13.8385774
2025-03-03 15:30:57.993450+00:00,2.325980398,13.86619435
2025-03-03 15:30:59.734586+00:00,2.325980398,13.895213283333334
2025-03-03 15:31:01.271309+00:00,2.242127877,13.920825333333333
2025-03-03 15:31:03.010833+00:00,2.242127877,13.9498174
2025-03-03 15:31:04.749970+00:00,2.242127877,13.978803016666665
2025-03-03 15:31:06.494632+00:00,2.242127877,14.007880716666667
2025-03-03 15:31:08.072157+00:00,2.242127877,14.0341728
2025-03-03 15:31:09.770664+00:00,2.242127877,14.06248125
2025-03-03 15:31:11.511058+00:00,2.290493067,14.091487816666667
2025-03-03 15:31:13.103943+00:00,2.290493067,14.118035899999999
2025-03-03 15:31:14.717894+00:00,2.290493067,14.144935083333333
2025-03-03 15:31:16.526233+00:00,2.290493067,14.175074066666667
2025-03-03 15:31:18.368524+00:00,2.290493067,14.205778916666667
2025-03-03 15:31:20.106911+00:00,2.290493067,14.234752033333333
2025-03-03 15:31:21.681178+00:00,2.183681963,14.260989816666667
2025-03-03 15:31:23.487955+00:00,2.183681963,14.291102766666667
2025-03-03 15:31:25.229063+00:00,2.183681963,14.320121233333333
2025-03-03 15:31:26.835453+00:00,2.183681963,14.3468944
2025-03-03 15:31:28.435237+00:00,2.183681963,14.373557466666666
2025-03-03 15:31:29.979596+00:00,2.183681963,14.399296783333334
2025-03-03 15:31:31.681787+00:00,2.361775862,14.427666633333333
2025-03-03 15:31:33.427769+00:00,2.361775862,14.456766333333332
2025-03-03 15:31:35.166525+00:00,2.361775862,14.4857456
2025-03-03 15:31:36.806779+00:00,2.361775862,14.513083166666666
2025-03-03 15:31:38.539398+00:00,2.361775862,14.54196015
2025-03-03 15:31:40.340430+00:00,2.361775862,14.57197735
2025-03-03 15:31:42.021307+00:00,2.260996377,14.599991966666666
2025-03-03 15:31:43.667318+00:00,2.260996377,14.627425483333333
2025-03-03 15:31:45.152726+00:00,2.260996377,14.652182283333334
2025-03-03 15:31:46.838344+00:00,2.260996377,14.680275916666666
2025-03-03 15:31:48.478490+00:00,2.260996377,14.707611683333333
2025-03-03 15:31:50.203009+00:00,2.260996377,14.736353666666668
2025-03-03 15:31:51.720010+00:00,2.260996377,14.761637016666667
2025-03-03 15:31:53.442092+00:00,2.260996377,14.790338383333333
2025-03-03 15:31:55.134261+00:00,2.260996377,14.8185412
2025-03-03 15:31:56.820306+00:00,2.260996377,14.846641949999999
2025-03-03 15:31:58.616199+00:00,2.260996377,14.876573500000001
2025-03-03 15:32:00.458440+00:00,2.260996377,14.907277516666666
2025-03-03 15:32:02.153450+00:00,2.193117253,14.935527683333333
2025-03-03 15:32:03.785998+00:00,2.193117253,14.962736816666668
2025-03-03 15:32:05.581398+00:00,2.193117253,14.99266015
2025-03-03 15:32:07.276559+00:00,2.193117253,15.020912833333334
2025-03-03 15:32:08.845229+00:00,2.193117253,15.047057333333333
2025-03-03 15:32:10.554000+00:00,2.193117253,15.075536849999999
2025-03-03 15:32:12.109308+00:00,2.176107588,15.101458650000001
2025-03-03 15:32:13.978828+00:00,2.176107588,15.132617316666666
2025-03-03 15:32:15.726321+00:00,2.176107588,15.161742199999999
2025-03-03 15:32:17.981381+00:00,2.176107588,15.199326533333334
2025-03-03 15:32:19.563629+00:00,2.176107588,15.225697333333333
2025-03-03 15:32:21.240660+00:00,2.170566659,15.25364785
2025-03-03 15:32:22.755266+00:00,2.170566659,15.278891283333333
2025-03-03 15:32:24.308911+00:00,2.170566659,15.304785366666666
2025-03-03 15:32:26.059483+00:00,2.170566659,15.333961566666666
2025-03-03 15:32:27.694359+00:00,2.170566659,15.3612095
2025-03-03 15:32:29.211979+00:00,2.170566659,15.386503166666667
2025-03-03 15:32:30.856307+00:00,2.170566659,15.413908633333333
2025-03-03 15:32:32.500895+00:00,2.010911902,15.441318433333333
2025-03-03 15:32:34.270003+00:00,2.010911902,15.470803566666666
2025-03-03 15:32:35.983229+00:00,2.010911902,15.499357333333334
2025-03-03 15:32:37.630431+00:00,2.010911902,15.5268107
2025-03-03 15:32:39.370319+00:00,2.010911902,15.555808833333334
2025-03-03 15:32:41.098352+00:00,2.011568158,15.584609383333333
2025-03-03 15:32:42.854377+00:00,2.011568158,15.613876466666666
2025-03-03 15:32:44.494200+00:00,2.011568158,15.64120685
2025-03-03 15:32:46.127875+00:00,2.011568158,15.668434766666667
2025-03-03 15:32:47.673178+00:00,2.011568158,15.694189816666666
2025-03-03 15:32:49.304278+00:00,2.011568158,15.721374816666668
2025-03-03 15:32:50.877932+00:00,2.011568158,15.747602383333334
2025-03-03 15:32:52.471951+00:00,2.04639772,15.774169366666666
2025-03-03 15:32:54.217488+00:00,2.04639772,15.80326165
2025-03-03 15:32:55.962657+00:00,2.04639772,15.8323478
2025-03-03 15:32:57.702288+00:00,2.04639772,15.861341650000002
2025-03-03 15:32:59.338284+00:00,2.04639772,15.88860825
2025-03-03 15:33:00.930053+00:00,2.04639772,15.915137733333333
2025-03-03 15:33:02.514317+00:00,2.04639772,15.941542133333334
2025-03-03 15:33:04.031510+00:00,2.04639772,15.966828683333334
2025-03-03 15:33:05.690378+00:00,2.04639772,15.994476483333333
2025-03-03 15:33:07.417732+00:00,2.04639772,16.023265716666668
2025-03-03 15:33:09.169558+00:00,2.04639772,16.05246281666667
2025-03-03 15:33:10.808299+00:00,2.04639772,16.079775166666668
2025-03-03 15:33:12.344494+00:00,2.092284081,16.105378416666667
2025-03-03 15:33:14.103734+00:00,2.092284081,16.134699083333334
2025-03-03 15:33:15.633015+00:00,2.092284081,16.160187099999998
2025-03-03 15:33:17.362072+00:00,2.092284081,16.189004716666666
2025-03-03 15:33:19.040687+00:00,2.092284081,16.216981633333333
2025-03-03 15:33:20.634704+00:00,2.092284081,16.243548583333332
2025-03-03 15:33:22.383001+00:00,2.077713473,16.272686866666668
2025-03-03 15:33:23.919329+00:00,2.077713473,16.298292333333332
2025-03-03 15:33:25.451474+00:00,2.077713473,16.323828083333332
2025-03-03 15:33:27.191067+00:00,2.077713473,16.3528213
2025-03-03 15:33:28.832191+00:00,2.077713473,16.380173366666664
2025-03-03 15:33:30.558114+00:00,2.077713473,16.40893875
2025-03-03 15:33:32.098280+00:00,2.144370546,16.434608183333335
2025-03-03 15:33:33.689280+00:00,2.144370546,16.46112485
2025-03-03 15:33:35.387147+00:00,2.144370546,16.489422633333334
2025-03-03 15:33:37.126812+00:00,2.144370546,16.51841705
2025-03-03 15:33:39.167965+00:00,2.144370546,16.552436266666668
2025-03-03 15:33:40.990977+00:00,2.144370546,16.5828198
2025-03-03 15:33:43.067107+00:00,2.315586099,16.617421966666665
2025-03-03 15:33:44.737044+00:00,2.315586099,16.64525425
2025-03-03 15:33:46.300003+00:00,2.315586099,16.67130356666667
2025-03-03 15:33:47.945306+00:00,2.315586099,16.69872528333333
2025-03-03 15:33:49.826602+00:00,2.315586099,16.730080216666668
2025-03-03 15:33:51.358889+00:00,2.315586099,16.755618333333334
2025-03-03 15:33:53.073175+00:00,2.312614318,16.784189766666668
2025-03-03 15:33:54.690909+00:00,2.312614318,16.811152
2025-03-03 15:33:56.277043+00:00,2.312614318,16.837587566666667
2025-03-03 15:33:57.947022+00:00,2.312614318,16.86542055
2025-03-03 15:33:59.551159+00:00,2.312614318,16.892156166666666
2025-03-03 15:34:01.043660+00:00,2.312614318,16.917031183333332
2025-03-03 15:34:02.500594+00:00,2.312614318,16.941313416666667
2025-03-03 15:34:04.106226+00:00,2.312614318,16.96807395
2025-03-03 15:34:05.585225+00:00,2.312614318,16.992723933333334
2025-03-03 15:34:07.145154+00:00,2.312614318,17.018722750000002
2025-03-03 15:34:08.792832+00:00,2.312614318,17.04618405
2025-03-03 15:34:10.350981+00:00,2.312614318,17.0721532
2025-03-03 15:34:11.813061+00:00,2.312614318,17.096521199999998
2025-03-03 15:34:13.309529+00:00,2.21736933,17.121462333333334
2025-03-03 15:34:14.956116+00:00,2.21736933,17.148905449999997
2025-03-03 15:34:16.632153+00:00,2.21736933,17.1768394
2025-03-03 15:34:18.166067+00:00,2.21736933,17.202404633333334
2025-03-03 15:34:19.783807+00:00,2.21736933,17.229366966666664
2025-03-03 15:34:21.466156+00:00,2.21736933,17.25740611666667
2025-03-03 15:34:23.207109+00:00,2.231897786,17.286422
2025-03-03 15:34:25.039749+00:00,2.231897786,17.316965999999997
2025-03-03 15:34:26.587576+00:00,2.231897786,17.342763116666667
2025-03-03 15:34:28.218103+00:00,2.231897786,17.36993856666667
2025-03-03 15:34:30.161854+00:00,2.231897786,17.40233441666667
2025-03-03 15:34:31.816035+00:00,2.231897786,17.429904099999998
2025-03-03 15:34:33.506425+00:00,2.042492753,17.458077266666667
2025-03-03 15:34:35.253099+00:00,2.042492753,17.4871885
2025-03-03 15:34:37.028583+00:00,2.042492753,17.5167799
2025-03-03 15:34:38.661619+00:00,2.042492753,17.543997166666667
2025-03-03 15:34:40.409824+00:00,2.042492753,17.573133916666666
2025-03-03 15:34:42.104663+00:00,2.042492753,17.60138123333333
2025-03-03 15:34:43.779376+00:00,2.131372449,17.629293116666666
2025-03-03 15:34:45.292144+00:00,2.131372449,17.65450591666667
2025-03-03 15:34:46.744677+00:00,2.131372449,17.6787148
2025-03-03 15:34:48.259999+00:00,2.131372449,17.703970166666668
2025-03-03 15:34:49.877943+00:00,2.131372449,17.730935900000002
2025-03-03 15:34:51.422987+00:00,2.131372449,17.756686633333334
2025-03-03 15:34:52.911239+00:00,2.083878308,17.781490833333333
2025-03-03 15:34:54.541139+00:00,2.083878308,17.808655833333333
2025-03-03 15:34:56.157345+00:00,2.083878308,17.8355926
2025-03-03 15:34:57.781129+00:00,2.083878308,17.86265566666667
2025-03-03 15:34:59.353455+00:00,2.083878308,17.8888611
2025-03-03 15:35:01.087459+00:00,2.083878308,17.917761166666665
2025-03-03 15:35:02.831998+00:00,2.083878308,17.946836816666668
2025-03-03 15:35:04.400533+00:00,2.083878308,17.972979066666667
2025-03-03 15:35:06.063927+00:00,2.083878308,18.0007023
2025-03-03 15:35:07.797602+00:00,2.083878308,18.029596883333333
2025-03-03 15:35:09.484605+00:00,2.083878308,18.0577136
2025-03-03 15:35:11.220966+00:00,2.083878308,18.086652949999998
2025-03-03 15:35:12.766290+00:00,2.187138515,18.11240835
2025-03-03 15:35:14.279054+00:00,2.187138515,18.137621083333332
2025-03-03 15:35:15.943647+00:00,2.187138515,18.1653643
2025-03-03 15:35:17.673585+00:00,2.187138515,18.1941966
2025-03-03 15:35:19.374752+00:00,2.187138515,18.222549383333334
2025-03-03 15:35:20.888149+00:00,2.187138515,18.247772666666666
2025-03-03 15:35:22.395134+00:00,2.187138515,18.272889083333332
2025-03-03 15:35:23.929394+00:00,2.088254065,18.298460083333335
2025-03-03 15:35:25.516020+00:00,2.088254065,18.32490385
2025-03-03 15:35:27.308331+00:00,2.088254065,18.3547757
2025-03-03 15:35:29.046845+00:00,2.088254065,18.38375093333333
2025-03-03 15:35:30.892150+00:00,2.088254065,18.414506016666667
2025-03-03 15:35:32.626931+00:00,2.139278116,18.44341903333333
2025-03-03 15:35:34.148215+00:00,2.139278116,18.46877376666667
2025-03-03 15:35:35.605100+00:00,2.139278116,18.493055183333336
2025-03-03 15:35:37.233953+00:00,2.139278116,18.520202733333335
2025-03-03 15:35:39.084015+00:00,2.139278116,18.5510371
2025-03-03 15:35:41.232186+00:00,2.139278116,18.58683995
2025-03-03 15:35:42.976197+00:00,2.128145584,18.6159068
2025-03-03 15:35:44.706036+00:00,2.128145584,18.644737449999997
2025-03-03 15:35:46.350221+00:00,2.128145584,18.672140533333334
2025-03-03 15:35:47.937094+00:00,2.128145584,18.698588416666666
2025-03-03 15:35:49.569503+00:00,2.128145584,18.725795233333333
2025-03-03 15:35:51.314929+00:00,2.128145584,18.754885666666667
2025-03-03 15:35:52.794936+00:00,2.289360158,18.77955245
2025-03-03 15:35:54.440862+00:00,2.289360158,18.80698455
2025-03-03 15:35:56.807137+00:00,2.289360158,18.84642246666667
2025-03-03 15:35:59.029544+00:00,2.289360158,18.883462583333333
2025-03-03 15:36:00.817885+00:00,2.289360158,18.913268266666666
2025-03-03 15:36:02.334742+00:00,2.289360158,18.93854921666667
2025-03-03 15:36:03.910686+00:00,2.124271438,18.96481495
2025-03-03 15:36:05.610566+00:00,2.124271438,18.99314628333333
2025-03-03 15:36:07.248296+00:00,2.124271438,19.020441783333336
2025-03-03 15:36:08.709036+00:00,2.124271438,19.04478745
2025-03-03 15:36:10.313624+00:00,2.124271438,19.071530583333335
2025-03-03 15:36:11.954895+00:00,2.124271438,19.0988851
2025-03-03 15:36:13.489945+00:00,2.124271438,19.124469266666665
2025-03-03 15:36:15.130289+00:00,2.124271438,19.151808333333335
2025-03-03 15:36:16.774566+00:00,2.124271438,19.17921295
2025-03-03 15:36:18.311637+00:00,2.124271438,19.2048308
2025-03-03 15:36:20.034088+00:00,2.124271438,19.233538316666667
2025-03-03 15:36:21.785218+00:00,2.124271438,19.262723816666668
2025-03-03 15:36:23.528958+00:00,1.967024503,19.29178615
2025-03-03 15:36:25.126347+00:00,1.967024503,19.3184093
2025-03-03 15:36:26.842476+00:00,1.967024503,19.34701145
2025-03-03 15:36:28.442658+00:00,1.967024503,19.37368115
2025-03-03 15:36:29.959983+00:00,1.967024503,19.3989699
2025-03-03 15:36:31.614855+00:00,1.967024503,19.426551099999998
2025-03-03 15:36:33.152797+00:00,1.967024503,19.452183466666668
2025-03-03 15:36:34.790788+00:00,2.212403255,19.479483316666666
2025-03-03 15:36:36.386715+00:00,2.212403255,19.5060821
2025-03-03 15:36:37.854493+00:00,2.212403255,19.530545066666665
2025-03-03 15:36:39.496473+00:00,2.212403255,19.557911400000002
2025-03-03 15:36:41.498750+00:00,2.212403255,19.591282683333336
2025-03-03 15:36:43.085356+00:00,2.212403255,19.617726116666667
2025-03-03 15:36:44.621668+00:00,2.127061448,19.643331316666668
2025-03-03 15:36:46.316155+00:00,2.127061448,19.671572766666667
2025-03-03 15:36:47.895289+00:00,2.127061448,19.697891666666667
2025-03-03 15:36:49.843756+00:00,2.127061448,19.73036611666667
2025-03-03 15:36:51.371474+00:00,2.127061448,19.75582808333333
2025-03-03 15:36:52.873945+00:00,2.127061448,19.780869266666667
2025-03-03 15:36:54.411388+00:00,2.00209001,19.806493316666668
2025-03-03 15:36:55.895054+00:00,2.00209001,19.831221083333332
2025-03-03 15:36:57.392233+00:00,2.00209001,19.856174066666664
2025-03-03 15:36:58.981183+00:00,2.00209001,19.882656566666665
2025-03-03 15:37:00.602038+00:00,2.00209001,19.90967081666667
2025-03-03 15:37:02.738530+00:00,2.00209001,19.945279016666667
2025-03-03 15:37:04.536945+00:00,2.023709899,19.975252599999997
2025-03-03 15:37:06.247512+00:00,2.023709899,20.00376205
2025-03-03 15:37:07.796598+00:00,2.023709899,20.02958015
2025-03-03 15:37:09.505385+00:00,2.023709899,20.058059933333332
2025-03-03 15:37:11.108632+00:00,2.023709899,20.084780716666668
2025-03-03 15:37:12.976605+00:00,2.023709899,20.1159136
2025-03-03 15:37:14.681227+00:00,2.023709899,20.144323966666665
2025-03-03 15:37:16.375761+00:00,2.023709899,20.172566200000002
2025-03-03 15:37:18.103981+00:00,2.023709899,20.201369866666667
2025-03-03 15:37:19.843125+00:00,2.023709899,20.2303556
2025-03-03 15:37:21.577260+00:00,2.023709899,20.259257849999997
2025-03-03 15:37:23.226577+00:00,2.023709899,20.286746466666667
2025-03-03 15:37:24.967677+00:00,1.784197553,20.3157648
2025-03-03 15:37:26.947862+00:00,1.784197553,20.348767883333334
2025-03-03 15:37:28.655684+00:00,1.784197553,20.377231583333334
2025-03-03 15:37:30.293605+00:00,1.784197553,20.404530266666665
2025-03-03 15:37:31.828024+00:00,1.784197553,20.430103916666667
2025-03-03 15:37:33.568842+00:00,1.784197553,20.45911755
2025-03-03 15:37:35.321156+00:00,1.842709501,20.488322783333334
2025-03-03 15:37:36.905802+00:00,1.842709501,20.514733550000003
2025-03-03 15:37:38.387562+00:00,1.842709501,20.53942955
2025-03-03 15:37:39.942350+00:00,1.842709501,20.56534268333333
2025-03-03 15:37:41.438235+00:00,1.842709501,20.5902741
2025-03-03 15:37:43.082994+00:00,1.842709501,20.61768675
2025-03-03 15:37:44.783282+00:00,1.766602721,20.646024883333332
2025-03-03 15:37:46.566064+00:00,1.766602721,20.675737916666666
2025-03-03 15:37:48.258373+00:00,1.766602721,20.703943066666668
2025-03-03 15:37:50.055661+00:00,1.766602721,20.733897866666666
2025-03-03 15:37:51.626935+00:00,1.766602721,20.76008576666667
2025-03-03 15:37:53.229497+00:00,1.766602721,20.78679513333333
2025-03-03 15:37:55.068578+00:00,1.694376123,20.817446483333335
2025-03-03 15:37:56.775194+00:00,1.694376123,20.845890083333334
2025-03-03 15:37:58.344085+00:00,1.694376123,20.872038266666667
2025-03-03 15:37:59.988796+00:00,1.694376123,20.899450116666667
2025-03-03 15:38:01.625831+00:00,1.694376123,20.926734033333332
2025-03-03 15:38:03.261956+00:00,1.694376123,20.954002783333333
2025-03-03 15:38:04.894535+00:00,1.666857529,20.981212433333333
2025-03-03 15:38:06.746741+00:00,1.666857529,21.012082533333334
2025-03-03 15:38:08.279350+00:00,1.666857529,21.037626016666664
2025-03-03 15:38:09.821205+00:00,1.666857529,21.0633236
2025-03-03 15:38:11.651594+00:00,1.666857529,21.093830083333334
2025-03-03 15:38:13.159225+00:00,1.666857529,21.118957266666666
2025-03-03 15:38:14.767566+00:00,1.666857529,21.14576295
2025-03-03 15:38:16.588616+00:00,1.666857529,21.176113783333335
2025-03-03 15:38:18.217751+00:00,1.666857529,21.203266033333332
2025-03-03 15:38:20.061569+00:00,1.666857529,21.233996333333334
2025-03-03 15:38:21.807046+00:00,1.666857529,21.263087616666667
2025-03-03 15:38:23.551139+00:00,1.666857529,21.292155833333332
2025-03-03 15:38:25.288387+00:00,1.575283923,21.321109966666665
2025-03-03 15:38:26.913853+00:00,1.575283923,21.348201066666665
2025-03-03 15:38:28.563321+00:00,1.575283923,21.3756922
2025-03-03 15:38:30.473289+00:00,1.575283923,21.407525
2025-03-03 15:38:32.292770+00:00,1.575283923,21.437849683333333
2025-03-03 15:38:34.093325+00:00,1.575283923,21.467858933333332
2025-03-03 15:38:35.824151+00:00,1.769827512,21.496706033333332
2025-03-03 15:38:37.569842+00:00,1.769827512,21.525800883333332
2025-03-03 15:38:39.243313+00:00,1.769827512,21.553692066666667
2025-03-03 15:38:40.797796+00:00,1.769827512,21.579600116666665
2025-03-03 15:38:42.583134+00:00,1.769827512,21.609355750000002
2025-03-03 15:38:44.490082+00:00,1.769827512,21.641138216666665
2025-03-03 15:38:45.978146+00:00,1.63708905,21.665939283333334
2025-03-03 15:38:48.220921+00:00,1.63708905,21.703318866666667
2025-03-03 15:38:50.063300+00:00,1.63708905,21.734025183333333
2025-03-03 15:38:51.906718+00:00,1.63708905,21.764748816666668
2025-03-03 15:38:53.544518+00:00,1.63708905,21.792045483333332
2025-03-03 15:38:55.409930+00:00,1.690177324,21.82313568333333
2025-03-03 15:38:57.124894+00:00,1.690177324,21.851718416666664
2025-03-03 15:38:59.564775+00:00,1.690177324,21.8923831
2025-03-03 15:39:01.275943+00:00,1.690177324,21.920902566666665
2025-03-03 15:39:02.857203+00:00,1.690177324,21.9472569
2025-03-03 15:39:04.435155+00:00,1.690177324,21.9735561
2025-03-03 15:39:06.237596+00:00,1.647567434,22.003596783333332
2025-03-03 15:39:07.881022+00:00,1.647567434,22.030987216666666
2025-03-03 15:39:10.047327+00:00,1.647567434,22.067092300000002
2025-03-03 15:39:11.772229+00:00,1.647567434,22.095840666666668
2025-03-03 15:39:13.747303+00:00,1.647567434,22.128758566666665
2025-03-03 15:39:15.299913+00:00,1.647567434,22.1546354
2025-03-03 15:39:17.228941+00:00,1.647567434,22.186785866666664
2025-03-03 15:39:19.042437+00:00,1.647567434,22.2170108
2025-03-03 15:39:21.107983+00:00,1.647567434,22.251436566666666
2025-03-03 15:39:22.827623+00:00,1.647567434,22.280097233333333
2025-03-03 15:39:24.896710+00:00,1.647567434,22.31458201666667
2025-03-03 15:39:26.621107+00:00,1.672026933,22.343321966666668
2025-03-03 15:39:29.007406+00:00,1.672026933,22.383093616666667
2025-03-03 15:39:31.185017+00:00,1.672026933,22.41938713333333
2025-03-03 15:39:32.986013+00:00,1.672026933,22.449403733333334
2025-03-03 15:39:34.699656+00:00,1.672026933,22.47796445
2025-03-03 15:39:36.250995+00:00,1.59525131,22.5038201
2025-03-03 15:39:38.601301+00:00,1.59525131,22.542991866666668
2025-03-03 15:39:40.269033+00:00,1.59525131,22.570787399999997
2025-03-03 15:39:42.311154+00:00,1.59525131,22.60482275
2025-03-03 15:39:44.079033+00:00,1.59525131,22.6342874
2025-03-03 15:39:45.912067+00:00,1.69907967,22.664837966666667
2025-03-03 15:39:48.056786+00:00,1.69907967,22.700583283333334
2025-03-03 15:39:49.819930+00:00,1.69907967,22.729969016666665
2025-03-03 15:39:51.748554+00:00,1.69907967,22.762112749999996
2025-03-03 15:39:53.293458+00:00,1.69907967,22.78786115
2025-03-03 15:39:54.942042+00:00,1.69907967,22.81533755
2025-03-03 15:39:56.877561+00:00,1.692175059,22.847596199999998
2025-03-03 15:39:58.978093+00:00,1.692175059,22.882605066666667
2025-03-03 15:40:01.286786+00:00,1.692175059,22.921083283333335
2025-03-03 15:40:02.924047+00:00,1.692175059,22.94837096666667
2025-03-03 15:40:04.952610+00:00,1.692175059,22.98218035
2025-03-03 15:40:06.738637+00:00,1.562852178,23.011947466666665
2025-03-03 15:40:08.298797+00:00,1.562852178,23.037950133333332
2025-03-03 15:40:10.437858+00:00,1.562852178,23.073601150000002
2025-03-03 15:40:12.184835+00:00,1.562852178,23.102717433333332
2025-03-03 15:40:13.817418+00:00,1.562852178,23.12992715
2025-03-03 15:40:18.517954+00:00,1.604504161,23.208269416666667
2025-03-03 15:40:20.115421+00:00,1.604504161,23.234893866666667
2025-03-03 15:40:21.609252+00:00,1.604504161,23.25979105
2025-03-03 15:40:23.208333+00:00,1.604504161,23.2864424
2025-03-03 15:40:25.416890+00:00,1.604504161,23.323251683333336
2025-03-03 15:40:27.127100+00:00,1.604504161,23.351755183333335
2025-03-03 15:40:29.110255+00:00,1.604504161,23.384807766666665
2025-03-03 15:40:32.903951+00:00,1.604504161,23.448036033333334
2025-03-03 15:40:34.819534+00:00,1.604504161,23.47996241666667
2025-03-03 15:40:36.878209+00:00,1.615445908,23.514273666666668
2025-03-03 15:40:38.475378+00:00,1.615445908,23.54089315
2025-03-03 15:40:40.063657+00:00,1.615445908,23.567364466666668
2025-03-03 15:40:42.119532+00:00,1.615445908,23.60162905
2025-03-03 15:40:44.204423+00:00,1.615445908,23.636377233333334
2025-03-03 15:40:45.784675+00:00,1.626185996,23.662714766666667
2025-03-03 15:40:47.615856+00:00,1.626185996,23.69323445
2025-03-03 15:40:49.358530+00:00,1.626185996,23.72227901666667
2025-03-03 15:40:51.407359+00:00,1.626185996,23.756426166666664
2025-03-03 15:40:53.251938+00:00,1.626185996,23.78716915
2025-03-03 15:40:54.892974+00:00,1.626185996,23.81451975
2025-03-03 15:40:56.720301+00:00,1.600693728,23.8449752
2025-03-03 15:40:58.429493+00:00,1.600693728,23.873461733333333
2025-03-03 15:41:00.277731+00:00,1.600693728,23.9042657
2025-03-03 15:41:02.047213+00:00,1.600693728,23.933757066666665
2025-03-03 15:41:03.799310+00:00,1.600693728,23.962958683333333
2025-03-03 15:41:05.518426+00:00,1.600693728,23.991610616666666
2025-03-03 15:41:07.075255+00:00,1.496485987,24.017557766666666
2025-03-03 15:41:08.616861+00:00,1.496485987,24.0432512
2025-03-03 15:41:10.096498+00:00,1.496485987,24.067911816666665
2025-03-03 15:41:11.841111+00:00,1.496485987,24.0969887
2025-03-03 15:41:13.630787+00:00,1.496485987,24.12681663333333
2025-03-03 15:41:15.266305+00:00,1.496485987,24.154075266666666
2025-03-03 15:41:17.026089+00:00,1.514565813,24.183405
2025-03-03 15:41:18.749543+00:00,1.514565813,24.212129233333332
2025-03-03 15:41:20.484292+00:00,1.514565813,24.241041716666665
2025-03-03 15:41:22.313967+00:00,1.514565813,24.271536299999998
2025-03-03 15:41:24.208518+00:00,1.514565813,24.30311215
2025-03-03 15:41:25.919681+00:00,1.514565813,24.331631533333333
2025-03-03 15:41:27.653870+00:00,1.514565813,24.360534683333334
2025-03-03 15:41:29.554781+00:00,1.514565813,24.392216533333333
2025-03-03 15:41:32.062526+00:00,1.514565813,24.434012283333335
2025-03-03 15:41:34.009802+00:00,1.514565813,24.466466883333332
2025-03-03 15:41:35.647503+00:00,1.514565813,24.4937619
2025-03-03 15:41:37.348163+00:00,1.559380489,24.522106233333332
2025-03-03 15:41:39.130334+00:00,1.559380489,24.551809083333335
2025-03-03 15:41:40.725870+00:00,1.559380489,24.57840135
2025-03-03 15:41:42.500562+00:00,1.559380489,24.60797955
2025-03-03 15:41:44.247230+00:00,1.559380489,24.637090683333334
2025-03-03 15:41:45.951776+00:00,1.559380489,24.665499783333335
2025-03-03 15:41:47.664740+00:00,1.511850615,24.694049183333334
2025-03-03 15:41:49.367609+00:00,1.511850615,24.72243033333333
2025-03-03 15:41:51.108574+00:00,1.511850615,24.751446416666667
2025-03-03 15:41:52.842739+00:00,1.511850615,24.780349166666667
2025-03-03 15:41:54.483930+00:00,1.511850615,24.80770235
2025-03-03 15:41:56.217901+00:00,1.511850615,24.83660186666667
2025-03-03 15:41:57.956678+00:00,1.505802319,24.865581483333337
2025-03-03 15:41:59.521464+00:00,1.505802319,24.891661250000002
2025-03-03 15:42:00.989255+00:00,1.505802319,24.916124433333334
2025-03-03 15:42:02.553975+00:00,1.505802319,24.942203099999997
2025-03-03 15:42:04.168833+00:00,1.505802319,24.969117400000002
2025-03-03 15:42:06.980888+00:00,1.415785376,25.015984983333333
2025-03-03 15:42:08.720089+00:00,1.415785376,25.044971666666665
2025-03-03 15:42:10.409277+00:00,1.415785376,25.073124800000002
2025-03-03 15:42:11.935844+00:00,1.415785376,25.09856758333333
2025-03-03 15:42:13.732474+00:00,1.415785376,25.128511416666665
2025-03-03 15:42:15.466699+00:00,1.415785376,25.157415166666667
2025-03-03 15:42:17.215087+00:00,1.481523594,25.186554966666666
2025-03-03 15:42:18.958156+00:00,1.481523594,25.215606116666667
2025-03-03 15:42:20.548602+00:00,1.481523594,25.24211355
2025-03-03 15:42:22.230806+00:00,1.481523594,25.270150283333333
2025-03-03 15:42:23.975878+00:00,1.481523594,25.29923481666667
2025-03-03 15:42:25.616652+00:00,1.481523594,25.32658105
2025-03-03 15:42:27.301044+00:00,1.481523594,25.35465425
2025-03-03 15:42:29.000066+00:00,1.481523594,25.382971283333333
2025-03-03 15:42:30.732642+00:00,1.481523594,25.41184755
2025-03-03 15:42:32.256525+00:00,1.481523594,25.4372456
2025-03-03 15:42:33.913857+00:00,1.481523594,25.4648678
2025-03-03 15:42:35.654700+00:00,1.481523594,25.493881849999998
2025-03-03 15:42:37.390064+00:00,1.410646168,25.522804583333333
2025-03-03 15:42:39.122623+00:00,1.410646168,25.55168056666667
2025-03-03 15:42:40.817173+00:00,1.410646168,25.579923066666666
2025-03-03 15:42:42.680933+00:00,1.410646168,25.610985733333333
2025-03-03 15:42:44.342325+00:00,1.410646168,25.6386756
2025-03-03 15:42:46.080271+00:00,1.410646168,25.667641366666665
2025-03-03 15:42:49.221876+00:00,1.401891267,25.720001449999998
2025-03-03 15:42:51.213621+00:00,1.401891267,25.7531972
2025-03-03 15:42:55.307933+00:00,1.401891267,25.82143573333333
2025-03-03 15:42:57.666799+00:00,1.394563854,25.860750166666666
2025-03-03 15:42:59.707739+00:00,1.394563854,25.894765833333334
2025-03-03 15:43:01.540739+00:00,1.394563854,25.925315833333332
2025-03-03 15:43:03.402634+00:00,1.394563854,25.956347416666667
2025-03-03 15:43:04.920199+00:00,1.394563854,25.98164016666667
2025-03-03 15:43:06.648922+00:00,1.394563854,26.010452216666668
2025-03-03 15:43:08.380926+00:00,1.360987728,26.03931895
2025-03-03 15:43:10.338799+00:00,1.360987728,26.071950166666667
2025-03-03 15:43:12.773331+00:00,1.360987728,26.1125257
2025-03-03 15:43:14.722656+00:00,1.360987728,26.14501445
2025-03-03 15:43:16.499563+00:00,1.360987728,26.174629566666667
2025-03-03 15:43:18.377668+00:00,1.371478152,26.205931316666668
2025-03-03 15:43:20.094874+00:00,1.371478152,26.234551416666665
2025-03-03 15:43:21.872791+00:00,1.371478152,26.264183366666668
2025-03-03 15:43:23.679075+00:00,1.371478152,26.294288100000003
2025-03-03 15:43:25.415412+00:00,1.371478152,26.32322705
2025-03-03 15:43:27.795858+00:00,1.367923516,26.362901150000003
2025-03-03 15:43:29.823173+00:00,1.367923516,26.396689733333336
2025-03-03 15:43:31.388200+00:00,1.367923516,26.422773516666666
2025-03-03 15:43:33.191833+00:00,1.367923516,26.452834066666664
2025-03-03 15:43:34.827880+00:00,1.367923516,26.480101516666664
2025-03-03 15:43:36.600632+00:00,1.367923516,26.509647383333334
2025-03-03 15:43:38.416870+00:00,1.367923516,26.539918016666665
2025-03-03 15:43:40.293826+00:00,1.367923516,26.571200616666665
2025-03-03 15:43:42.663603+00:00,1.367923516,26.6106969
2025-03-03 15:43:44.354569+00:00,1.367923516,26.638879666666664
2025-03-03 15:43:46.151936+00:00,1.367923516,26.668835783333336
2025-03-03 15:43:47.980283+00:00,1.26471806,26.699308233333333
2025-03-03 15:43:49.662845+00:00,1.26471806,26.727350933333334
2025-03-03 15:43:51.512485+00:00,1.26471806,26.75817826666667
2025-03-03 15:43:53.366305+00:00,1.26471806,26.789075266666668
2025-03-03 15:43:55.320247+00:00,1.26471806,26.821640966666667
2025-03-03 15:43:57.735919+00:00,1.422635266,26.861902166666667
2025-03-03 15:44:00.046994+00:00,1.422635266,26.900420083333334
2025-03-03 15:44:01.764499+00:00,1.422635266,26.929045166666665
2025-03-03 15:44:03.306013+00:00,1.422635266,26.954737066666667
2025-03-03 15:44:05.045128+00:00,1.422635266,26.983722316666668
2025-03-03 15:44:06.777799+00:00,1.422635266,27.01260016666667
2025-03-03 15:44:09.655688+00:00,1.422635266,27.060564983333332
2025-03-03 15:44:11.398733+00:00,1.422635266,27.089615733333336
2025-03-03 15:44:13.245485+00:00,1.422635266,27.120394933333333
2025-03-03 15:44:15.313005+00:00,1.422635266,27.154853600000003
2025-03-03 15:44:17.029613+00:00,1.422635266,27.183463733333333
2025-03-03 15:44:19.088720+00:00,1.422635266,27.217782183333334
2025-03-03 15:44:20.909531+00:00,1.422635266,27.24812903333333
2025-03-03 15:44:22.686099+00:00,1.422635266,27.277738499999998
2025-03-03 15:44:24.252300+00:00,1.422635266,27.30384185
2025-03-03 15:44:25.938546+00:00,1.568106058,27.331945949999998
2025-03-03 15:44:28.188197+00:00,1.568106058,27.369440133333335
2025-03-03 15:44:30.044233+00:00,1.568106058,27.400374066666664
2025-03-03 15:44:31.763377+00:00,1.568106058,27.429026466666667
2025-03-03 15:44:33.817526+00:00,1.568106058,27.463262283333332
2025-03-03 15:44:35.560063+00:00,1.568106058,27.492304566666668
2025-03-03 15:44:37.609993+00:00,1.492258484,27.526470066666665
2025-03-03 15:44:39.353990+00:00,1.492258484,27.555536683333333
2025-03-03 15:44:41.479554+00:00,1.492258484,27.590962750000003
2025-03-03 15:44:43.343986+00:00,1.492258484,27.622036616666666
2025-03-03 15:44:45.010149+00:00,1.492258484,27.649806
2025-03-03 15:44:46.713867+00:00,1.411482404,27.6782013
2025-03-03 15:44:49.379117+00:00,1.411482404,27.722622133333335
2025-03-03 15:44:51.117214+00:00,1.411482404,27.751590416666666
2025-03-03 15:44:52.736587+00:00,1.411482404,27.778579966666666
2025-03-03 15:44:54.509398+00:00,1.411482404,27.808126816666668
2025-03-03 15:44:56.890617+00:00,1.455369493,27.847813799999997
2025-03-03 15:44:59.115492+00:00,1.455369493,27.88489505
2025-03-03 15:45:00.956566+00:00,1.455369493,27.915579616666665
2025-03-03 15:45:02.676663+00:00,1.455369493,27.9442479
2025-03-03 15:45:04.367419+00:00,1.455369493,27.972427166666666
2025-03-03 15:45:06.054588+00:00,1.455369493,28.00054665
2025-03-03 15:45:09.077003+00:00,1.415707805,28.050920233333333
2025-03-03 15:45:10.889544+00:00,1.415707805,28.08112925
2025-03-03 15:45:12.831893+00:00,1.415707805,28.113501733333333
2025-03-03 15:45:14.620923+00:00,1.415707805,28.1433189
2025-03-03 15:45:16.079092+00:00,1.415707805,28.167621716666666
2025-03-03 15:45:17.849842+00:00,1.477982421,28.197134216666665
2025-03-03 15:45:19.682209+00:00,1.477982421,28.227673666666664
2025-03-03 15:45:21.431310+00:00,1.477982421,28.25682535
2025-03-03 15:45:23.391024+00:00,1.477982421,28.289487249999997
2025-03-03 15:45:25.063991+00:00,1.477982421,28.317370033333336
2025-03-03 15:45:26.817199+00:00,1.477982421,28.346590166666665
2025-03-03 15:45:28.712307+00:00,1.477982421,28.378175300000002
2025-03-03 15:45:30.624415+00:00,1.477982421,28.410043766666668
2025-03-03 15:45:32.155970+00:00,1.477982421,28.43556968333333
2025-03-03 15:45:33.922865+00:00,1.477982421,28.465017933333336
2025-03-03 15:45:35.973568+00:00,1.477982421,28.499196316666666
2025-03-03 15:45:37.714097+00:00,1.372781258,28.528205133333334
2025-03-03 15:45:42.527688+00:00,1.372781258,28.60843165
2025-03-03 15:45:44.203480+00:00,1.372781258,28.636361516666668
2025-03-03 15:45:45.772250+00:00,1.372781258,28.662507683333335
2025-03-03 15:45:47.276432+00:00,1.487943221,28.687577383333334
2025-03-03 15:45:48.984931+00:00,1.487943221,28.716052366666666
2025-03-03 15:45:50.875942+00:00,1.487943221,28.747569216666665
2025-03-03 15:45:52.573314+00:00,1.487943221,28.77585875
2025-03-03 15:45:54.304814+00:00,1.487943221,28.804717083333333
2025-03-03 15:45:56.878800+00:00,1.400899852,28.84761685
2025-03-03 15:45:58.812294+00:00,1.400899852,28.87984175
2025-03-03 15:46:01.162945+00:00,1.400899852,28.919019266666666
2025-03-03 15:46:03.011443+00:00,1.400899852,28.949827566666666
2025-03-03 15:46:04.772852+00:00,1.400899852,28.979184383333333
2025-03-03 15:46:06.518509+00:00,1.400899852,29.00827866666667
2025-03-03 15:46:08.387249+00:00,1.4070441,29.039424333333333
2025-03-03 15:46:10.895652+00:00,1.4070441,29.08123105
2025-03-03 15:46:12.845971+00:00,1.4070441,29.113736366666668
2025-03-03 15:46:14.720373+00:00,1.4070441,29.1449764
2025-03-03 15:46:16.402378+00:00,1.4070441,29.173009816666667
2025-03-03 15:46:18.014871+00:00,1.313969253,29.1998847
2025-03-03 15:46:19.706379+00:00,1.313969253,29.2280765
2025-03-03 15:46:21.344199+00:00,1.313969253,29.2553735
2025-03-03 15:46:23.189057+00:00,1.313969253,29.28612113333333
2025-03-03 15:46:26.824795+00:00,1.313969253,29.346716766666667
2025-03-03 15:46:28.407841+00:00,1.324233143,29.373100866666668
2025-03-03 15:46:30.034054+00:00,1.324233143,29.400204416666668
2025-03-03 15:46:31.786817+00:00,1.324233143,29.429417133333335
2025-03-03 15:46:33.522607+00:00,1.324233143,29.458346966666667
2025-03-03 15:46:35.097383+00:00,1.324233143,29.48459323333333
2025-03-03 15:46:36.681418+00:00,1.324233143,29.510993816666666
2025-03-03 15:46:38.440801+00:00,1.324233143,29.540316866666668
2025-03-03 15:46:40.171504+00:00,1.324233143,29.569161916666665
2025-03-03 15:46:42.334828+00:00,1.324233143,29.605217316666664
2025-03-03 15:46:44.281139+00:00,1.324233143,29.637655833333334
2025-03-03 15:46:46.024034+00:00,1.324233143,29.666704083333332
2025-03-03 15:46:47.551337+00:00,1.282771451,29.692159133333334
2025-03-03 15:46:49.502704+00:00,1.282771451,29.72468191666667
2025-03-03 15:46:51.065146+00:00,1.282771451,29.750722616666668
2025-03-03 15:46:52.639245+00:00,1.282771451,29.7769576
2025-03-03 15:46:54.189388+00:00,1.282771451,29.80279331666667
2025-03-03 15:46:55.678921+00:00,1.282771451,29.82761886666667
2025-03-03 15:46:57.327568+00:00,1.380807625,29.855096316666668
2025-03-03 15:46:59.864195+00:00,1.380807625,29.897373433333332
2025-03-03 15:47:01.986356+00:00,1.380807625,29.93274278333333
2025-03-03 15:47:03.741002+00:00,1.380807625,29.961986883333335
2025-03-03 15:47:05.481912+00:00,1.380807625,29.991002050000002
2025-03-03 15:47:07.177620+00:00,1.380807625,30.01926385
2025-03-03 15:47:08.850945+00:00,1.316810818,30.0471526
2025-03-03 15:47:10.487124+00:00,1.316810818,30.07442225
2025-03-03 15:47:12.436643+00:00,1.316810818,30.106914233333335
2025-03-03 15:47:14.183112+00:00,1.316810818,30.13602205
2025-03-03 15:47:15.821775+00:00,1.316810818,30.1633331
2025-03-03 15:47:17.388416+00:00,1.297413768,30.189443783333335
2025-03-03 15:47:18.894374+00:00,1.297413768,30.214543083333336
2025-03-03 15:47:20.634738+00:00,1.297413768,30.24354915
2025-03-03 15:47:22.141422+00:00,1.297413768,30.26866055
2025-03-03 15:47:23.807970+00:00,1.297413768,30.29643635
2025-03-03 15:47:25.552585+00:00,1.297413768,30.32551326666667
2025-03-03 15:47:27.394073+00:00,1.297413768,30.356204733333335
2025-03-03 15:47:28.923029+00:00,1.297413768,30.381687333333332
2025-03-03 15:47:30.567608+00:00,1.297413768,30.40909698333333
2025-03-03 15:47:32.303015+00:00,1.297413768,30.438020433333335
2025-03-03 15:47:34.047573+00:00,1.297413768,30.4670964
2025-03-03 15:47:35.571205+00:00,1.297413768,30.492490266666668
2025-03-03 15:47:37.125212+00:00,1.297413768,30.518390383333333
2025-03-03 15:47:38.705742+00:00,1.297413768,30.54473255
2025-03-03 15:47:40.390824+00:00,1.441493485,30.57281725
2025-03-03 15:47:42.106414+00:00,1.441493485,30.601410416666667
2025-03-03 15:47:43.773118+00:00,1.441493485,30.629188816666666
2025-03-03 15:47:45.270507+00:00,1.441493485,30.6541453
2025-03-03 15:47:46.822535+00:00,1.441493485,30.68001243333333
2025-03-03 15:47:48.574629+00:00,1.390816904,30.709214
2025-03-03 15:47:50.183377+00:00,1.390816904,30.736026466666665
2025-03-03 15:47:51.918358+00:00,1.390816904,30.764942816666668
2025-03-03 15:47:53.435727+00:00,1.390816904,30.7902323
2025-03-03 15:47:55.047817+00:00,1.390816904,30.817100466666666
2025-03-03 15:47:56.598907+00:00,1.390816904,30.842951966666664
2025-03-03 15:47:58.238295+00:00,1.374689034,30.8702751
2025-03-03 15:47:59.721608+00:00,1.374689034,30.894996983333332
2025-03-03 15:48:01.287534+00:00,1.374689034,30.92109575
2025-03-03 15:48:03.025993+00:00,1.374689034,30.95007006666667
2025-03-03 15:48:04.772140+00:00,1.374689034,30.979172516666665
2025-03-03 15:48:06.404816+00:00,1.374689034,31.006383783333334
2025-03-03 15:48:08.431209+00:00,1.329905207,31.040157
2025-03-03 15:48:10.187451+00:00,1.329905207,31.069427700000002
2025-03-03 15:48:11.825227+00:00,1.329905207,31.096723966666666
2025-03-03 15:48:13.485534+00:00,1.329905207,31.12439575
2025-03-03 15:48:15.113974+00:00,1.329905207,31.151536416666666
2025-03-03 15:48:16.654035+00:00,1.329905207,31.177204099999997
2025-03-03 15:48:18.338265+00:00,1.318058154,31.2052746
2025-03-03 15:48:19.877421+00:00,1.318058154,31.2309272
2025-03-03 15:48:21.564876+00:00,1.318058154,31.25905145
2025-03-03 15:48:23.296995+00:00,1.318058154,31.2879201
2025-03-03 15:48:24.940032+00:00,1.318058154,31.31530405
2025-03-03 15:48:26.469965+00:00,1.318058154,31.340802933333336
2025-03-03 15:48:28.016661+00:00,1.292949947,31.3665812
2025-03-03 15:48:29.733507+00:00,1.292949947,31.3951953
2025-03-03 15:48:31.220316+00:00,1.292949947,31.41997545
2025-03-03 15:48:32.805553+00:00,1.292949947,31.44639606666667
2025-03-03 15:48:34.335864+00:00,1.292949947,31.47190125
2025-03-03 15:48:37.360810+00:00,1.292949947,31.522317016666666
2025-03-03 15:48:40.935343+00:00,1.292949947,31.581892566666667
2025-03-03 15:48:43.059346+00:00,1.292949947,31.617292616666667
2025-03-03 15:48:44.627885+00:00,1.292949947,31.64343493333333
2025-03-03 15:48:46.535588+00:00,1.292949947,31.675229983333335
2025-03-03 15:48:48.591910+00:00,1.293642883,31.709502016666665
2025-03-03 15:48:50.163980+00:00,1.293642883,31.73570318333333
2025-03-03 15:48:51.752708+00:00,1.293642883,31.762181983333335
2025-03-03 15:48:53.581510+00:00,1.293642883,31.792662016666668
2025-03-03 15:48:55.129144+00:00,1.293642883,31.818455916666668
2025-03-03 15:48:57.031263+00:00,1.293642883,31.8501579
2025-03-03 15:48:58.691513+00:00,1.30215503,31.877828733333335
2025-03-03 15:49:00.207214+00:00,1.30215503,31.903090416666664
2025-03-03 15:49:01.806198+00:00,1.30215503,31.92974015
2025-03-03 15:49:03.351591+00:00,1.30215503,31.9554967
2025-03-03 15:49:04.981726+00:00,1.30215503,31.98266561666667
2025-03-03 15:49:06.722824+00:00,1.30215503,32.01168391666667
2025-03-03 15:49:08.564435+00:00,1.248554821,32.042377433333336
2025-03-03 15:49:12.935740+00:00,1.248554821,32.115232516666666
2025-03-03 15:49:14.508663+00:00,1.248554821,32.141447899999996
2025-03-03 15:49:16.141837+00:00,1.248554821,32.16866746666667
2025-03-03 15:49:17.689352+00:00,1.248554821,32.19445938333333
2025-03-03 15:49:19.312247+00:00,1.288818971,32.22150763333333
2025-03-03 15:49:20.860015+00:00,1.288818971,32.24730376666667
2025-03-03 15:49:22.461783+00:00,1.288818971,32.2739999
2025-03-03 15:49:24.228177+00:00,1.288818971,32.3034398
2025-03-03 15:49:25.761300+00:00,1.288818971,32.32899185
2025-03-03 15:49:27.402357+00:00,1.288818971,32.3563428
2025-03-03 15:49:28.846661+00:00,1.335042297,32.38041453333333
2025-03-03 15:49:30.468608+00:00,1.335042297,32.40744698333334
2025-03-03 15:49:32.116180+00:00,1.335042297,32.434906516666665
2025-03-03 15:49:33.649266+00:00,1.335042297,32.46045795
2025-03-03 15:49:35.297013+00:00,1.335042297,32.4879204
2025-03-03 15:49:37.134583+00:00,1.335042297,32.518546566666664
2025-03-03 15:49:38.781633+00:00,1.306286561,32.5459974
2025-03-03 15:49:40.294194+00:00,1.306286561,32.57120675
2025-03-03 15:49:41.943601+00:00,1.306286561,32.598696866666664
2025-03-03 15:49:43.586376+00:00,1.306286561,32.62607645
2025-03-03 15:49:45.325229+00:00,1.306286561,32.65505733333333
2025-03-03 15:49:47.067563+00:00,1.306286561,32.684096233333335
2025-03-03 15:49:48.744617+00:00,1.306286561,32.712047133333336
2025-03-03 15:49:50.454022+00:00,1.306286561,32.74053721666667
2025-03-03 15:49:52.201466+00:00,1.306286561,32.769661283333335
2025-03-03 15:49:53.951793+00:00,1.306286561,32.7988334
2025-03-03 15:49:55.568570+00:00,1.306286561,32.82577968333333
2025-03-03 15:49:57.238795+00:00,1.306286561,32.85361676666667
2025-03-03 15:49:58.843998+00:00,1.250254996,32.88037015
2025-03-03 15:50:00.342943+00:00,1.250254996,32.905352566666664
2025-03-03 15:50:02.009669+00:00,1.250254996,32.93313133333333
2025-03-03 15:50:03.751870+00:00,1.250254996,32.962168016666666
2025-03-03 15:50:05.353460+00:00,1.250254996,32.988861183333334
2025-03-03 15:50:07.137928+00:00,1.250254996,33.018602316666666
2025-03-03 15:50:08.774090+00:00,1.250254996,33.04587168333333
2025-03-03 15:50:10.252735+00:00,1.331902259,33.07051576666667
2025-03-03 15:50:11.855960+00:00,1.331902259,33.09723618333333
2025-03-03 15:50:13.450694+00:00,1.331902259,33.123815083333334
2025-03-03 15:50:15.118218+00:00,1.331902259,33.15160715
2025-03-03 15:50:16.762388+00:00,1.331902259,33.17900998333333
2025-03-03 15:50:18.491990+00:00,1.331902259,33.20783668333333
2025-03-03 15:50:20.245273+00:00,1.313380141,33.23705806666667
2025-03-03 15:50:21.983436+00:00,1.313380141,33.26602745
2025-03-03 15:50:23.720473+00:00,1.313380141,33.294978066666665
2025-03-03 15:50:25.368629+00:00,1.313380141,33.32244733333333
2025-03-03 15:50:27.051500+00:00,1.313380141,33.35049518333333
2025-03-03 15:50:28.746098+00:00,1.313380141,33.37873848333333
2025-03-03 15:50:30.381692+00:00,1.289351503,33.40599838333333
2025-03-03 15:50:32.021295+00:00,1.289351503,33.433325100000005
2025-03-03 15:50:33.561411+00:00,1.289351503,33.4589937
2025-03-03 15:50:35.228520+00:00,1.289351503,33.48677885
2025-03-03 15:50:36.798212+00:00,1.289351503,33.51294038333334
2025-03-03 15:50:38.466442+00:00,1.289351503,33.54074421666667
2025-03-03 15:50:40.216236+00:00,1.179212779,33.56990745
2025-03-03 15:50:41.976328+00:00,1.179212779,33.59924231666667
2025-03-03 15:50:44.000622+00:00,1.179212779,33.63298055
2025-03-03 15:50:45.602589+00:00,1.179212779,33.65968
2025-03-03 15:50:47.517038+00:00,1.179212779,33.691587483333336
2025-03-03 15:50:49.223704+00:00,1.179212779,33.72003191666667
2025-03-03 15:50:51.829922+00:00,1.179212779,33.76346888333333
2025-03-03 15:50:53.582287+00:00,1.179212779,33.79267496666667
2025-03-03 15:50:55.064567+00:00,1.179212779,33.81737963333333
2025-03-03 15:50:56.601962+00:00,1.179212779,33.843002883333334
2025-03-03 15:50:58.236573+00:00,1.179212779,33.8702464
2025-03-03 15:50:59.843913+00:00,1.289453753,33.8970354
2025-03-03 15:51:01.329067+00:00,1.289453753,33.92178796666666
2025-03-03 15:51:02.949388+00:00,1.289453753,33.948793316666666
2025-03-03 15:51:04.590097+00:00,1.289453753,33.97613846666666
2025-03-03 15:51:06.154048+00:00,1.289453753,34.00220431666666
2025-03-03 15:51:08.061447+00:00,1.289453753,34.033994299999996
2025-03-03 15:51:09.980412+00:00,1.244809548,34.06597705
2025-03-03 15:51:11.821052+00:00,1.244809548,34.09665438333334
2025-03-03 15:51:13.394986+00:00,1.244809548,34.12288661666666
2025-03-03 15:51:15.229886+00:00,1.244809548,34.15346828333334
2025-03-03 15:51:16.752716+00:00,1.244809548,34.178848783333336
2025-03-03 15:51:18.309131+00:00,1.244809548,34.204789033333334
2025-03-03 15:51:19.942340+00:00,1.263948497,34.23200918333334
2025-03-03 15:51:21.471201+00:00,1.263948497,34.2574902
2025-03-03 15:51:23.113300+00:00,1.263948497,34.28485851666667
2025-03-03 15:51:24.645519+00:00,1.263948497,34.3103955
2025-03-03 15:51:26.294824+00:00,1.263948497,34.33788391666667
2025-03-03 15:51:28.036972+00:00,1.263948497,34.366919716666665
2025-03-03 15:51:29.721778+00:00,1.241255194,34.39499981666667
2025-03-03 15:51:31.364083+00:00,1.241255194,34.42237156666667
2025-03-03 15:51:32.835093+00:00,1.241255194,34.4468884
2025-03-03 15:51:34.590420+00:00,1.241255194,34.47614385
2025-03-03 15:51:36.534143+00:00,1.241255194,34.50853923333333
2025-03-03 15:51:38.024930+00:00,1.241255194,34.533385683333336
2025-03-03 15:51:39.594897+00:00,1.241255194,34.5595518
2025-03-03 15:51:42.781265+00:00,1.216184256,34.61265793333334
2025-03-03 15:51:44.470652+00:00,1.216184256,34.640814383333336
2025-03-03 15:51:46.096018+00:00,1.216184256,34.667903816666666
2025-03-03 15:51:48.201649+00:00,1.216184256,34.70299766666667
2025-03-03 15:51:49.944250+00:00,1.216184256,34.73204101666667
2025-03-03 15:51:51.681798+00:00,1.216184256,34.76100015
2025-03-03 15:51:53.435309+00:00,1.216184256,34.79022533333333
2025-03-03 15:51:55.163070+00:00,1.216184256,34.81902135
2025-03-03 15:51:56.913964+00:00,1.216184256,34.848202916666665
2025-03-03 15:51:58.585833+00:00,1.216184256,34.876067400000004
2025-03-03 15:52:00.119994+00:00,1.249036354,34.901636749999994
2025-03-03 15:52:01.615867+00:00,1.249036354,34.92656796666667
2025-03-03 15:52:03.200254+00:00,1.249036354,34.95297441666666
2025-03-03 15:52:04.691886+00:00,1.249036354,34.97783495
2025-03-03 15:52:06.216986+00:00,1.249036354,35.003253283333336
2025-03-03 15:52:07.971863+00:00,1.249036354,35.03250123333333
2025-03-03 15:52:09.496032+00:00,1.249036354,35.057904050000005
2025-03-03 15:52:11.141494+00:00,1.157501004,35.08532841666667
2025-03-03 15:52:12.683258+00:00,1.157501004,35.11102448333334
2025-03-03 15:52:14.251031+00:00,1.157501004,35.13715403333333
2025-03-03 15:52:15.947742+00:00,1.157501004,35.16543255
2025-03-03 15:52:17.458430+00:00,1.157501004,35.19061068333333
2025-03-03 15:52:18.997189+00:00,1.157501004,35.216256666666666
2025-03-03 15:52:20.794786+00:00,1.253074874,35.246216616666665
2025-03-03 15:52:22.659818+00:00,1.253074874,35.277300483333335
2025-03-03 15:52:24.175482+00:00,1.253074874,35.30256155
2025-03-03 15:52:25.791169+00:00,1.253074874,35.32948966666667
2025-03-03 15:52:27.431669+00:00,1.253074874,35.35683133333334
2025-03-03 15:52:28.964449+00:00,1.253074874,35.38237766666667
2025-03-03 15:52:30.603601+00:00,1.231922452,35.409696866666664
2025-03-03 15:52:32.351625+00:00,1.231922452,35.438830599999996
2025-03-03 15:52:34.490912+00:00,1.231922452,35.47448538333333
2025-03-03 15:52:36.014839+00:00,1.231922452,35.49988416666667
2025-03-03 15:52:37.766715+00:00,1.231922452,35.5290821
2025-03-03 15:52:39.408925+00:00,1.231922452,35.55645226666666
2025-03-03 15:52:40.990015+00:00,1.209231888,35.582803766666665
2025-03-03 15:52:42.684059+00:00,1.209231888,35.61103783333333
2025-03-03 15:52:44.315127+00:00,1.209231888,35.6382223
2025-03-03 15:52:45.868742+00:00,1.209231888,35.66411588333334
2025-03-03 15:52:47.998037+00:00,1.209231888,35.69960413333333
2025-03-03 15:52:49.749254+00:00,1.209231888,35.728791083333334
2025-03-03 15:52:51.352384+00:00,1.209231888,35.75550991666667
2025-03-03 15:52:52.925875+00:00,1.209231888,35.781734766666666
2025-03-03 15:52:54.668608+00:00,1.209231888,35.810780316666666
2025-03-03 15:52:56.422758+00:00,1.209231888,35.84001615
2025-03-03 15:52:58.139913+00:00,1.209231888,35.8686354
2025-03-03 15:52:59.839354+00:00,1.209231888,35.89695941666666
2025-03-03 15:53:01.477773+00:00,1.171226623,35.9242664
2025-03-03 15:53:03.257096+00:00,1.171226623,35.953921783333335
2025-03-03 15:53:05.000071+00:00,1.171226623,35.98297136666667
2025-03-03 15:53:06.576543+00:00,1.171226623,36.009245899999996
2025-03-03 15:53:08.069887+00:00,1.171226623,36.03413496666667
2025-03-03 15:53:09.642071+00:00,1.171226623,36.06033803333333
2025-03-03 15:53:11.146681+00:00,1.124272252,36.08541486666666
2025-03-03 15:53:12.883953+00:00,1.124272252,36.1143694
2025-03-03 15:53:14.581643+00:00,1.124272252,36.142664233333335
2025-03-03 15:53:16.172767+00:00,1.124272252,36.16918296666667
2025-03-03 15:53:17.917655+00:00,1.124272252,36.19826443333333
2025-03-03 15:53:19.448325+00:00,1.124272252,36.223775599999996
2025-03-03 15:53:21.088439+00:00,1.202449988,36.251110833333335
2025-03-03 15:53:22.672522+00:00,1.202449988,36.277512216666665
2025-03-03 15:53:24.260904+00:00,1.202449988,36.30398525
2025-03-03 15:53:25.876447+00:00,1.202449988,36.33091096666667
2025-03-03 15:53:27.421190+00:00,1.202449988,36.356656683333334
2025-03-03 15:53:29.026358+00:00,1.202449988,36.38340948333334
2025-03-03 15:53:30.721411+00:00,1.202449988,36.411660366666666
2025-03-03 15:53:32.345059+00:00,1.199911374,36.43872116666667
2025-03-03 15:53:34.033266+00:00,1.199911374,36.46685795
2025-03-03 15:53:35.715778+00:00,1.199911374,36.49489981666667
2025-03-03 15:53:37.725308+00:00,1.199911374,36.528391983333336
2025-03-03 15:53:39.416622+00:00,1.199911374,36.55658055
2025-03-03 15:53:41.055369+00:00,1.162662428,36.583892999999996
2025-03-03 15:53:42.919859+00:00,1.162662428,36.61496783333334
2025-03-03 15:53:44.785804+00:00,1.162662428,36.64606691666667
2025-03-03 15:53:46.573521+00:00,1.162662428,36.6758622
2025-03-03 15:53:48.108611+00:00,1.162662428,36.70144703333334
2025-03-03 15:53:49.637679+00:00,1.162662428,36.7269315
2025-03-03 15:53:52.972730+00:00,1.06617245,36.78251568333334
2025-03-03 15:53:55.288230+00:00,1.06617245,36.821107350000005
2025-03-03 15:53:57.029468+00:00,1.06617245,36.85012798333333
2025-03-03 15:53:59.200165+00:00,1.06617245,36.886306266666665
2025-03-03 15:54:00.900104+00:00,1.06617245,36.914638583333335
2025-03-03 15:54:02.895174+00:00,1.06617245,36.947889749999995
2025-03-03 15:54:04.585524+00:00,1.06617245,36.976062250000005
2025-03-03 15:54:07.912242+00:00,1.06617245,37.03150755
2025-03-03 15:54:09.489265+00:00,1.06617245,37.05779126666666
2025-03-03 15:54:12.286880+00:00,1.06617245,37.10441818333334
2025-03-03 15:54:14.083664+00:00,1.110541453,37.13436458333333
2025-03-03 15:54:15.769553+00:00,1.110541453,37.162462733333335
2025-03-03 15:54:17.413888+00:00,1.110541453,37.18986831666667
2025-03-03 15:54:19.447771+00:00,1.110541453,37.22376636666667
2025-03-03 15:54:21.214192+00:00,1.110541453,37.25320671666667
2025-03-03 15:54:23.600317+00:00,1.076969271,37.29297546666667
2025-03-03 15:54:25.306120+00:00,1.076969271,37.321405516666665
2025-03-03 15:54:27.261808+00:00,1.076969271,37.354000316666664
2025-03-03 15:54:29.077320+00:00,1.076969271,37.38425885
2025-03-03 15:54:30.973519+00:00,1.076969271,37.41586216666667
2025-03-03 15:54:32.860952+00:00,1.04223984,37.44731938333334
2025-03-03 15:54:34.605847+00:00,1.04223984,37.47640096666667
2025-03-03 15:54:38.102223+00:00,1.04223984,37.5346739
2025-03-03 15:54:40.013836+00:00,1.04223984,37.566534116666666
2025-03-03 15:54:41.671848+00:00,1.065098743,37.59416765
2025-03-03 15:54:43.432513+00:00,1.065098743,37.62351206666666
2025-03-03 15:54:45.362232+00:00,1.065098743,37.65567405
2025-03-03 15:54:47.499443+00:00,1.065098743,37.69129423333333
2025-03-03 15:54:49.256670+00:00,1.065098743,37.720581349999996
2025-03-03 15:54:52.634972+00:00,1.065098743,37.776886383333334
2025-03-03 15:54:54.374950+00:00,1.065098743,37.80588601666667
2025-03-03 15:54:56.154351+00:00,1.065098743,37.8355427
2025-03-03 15:54:57.948903+00:00,1.065098743,37.865451900000004
2025-03-03 15:54:59.695525+00:00,1.065098743,37.89456226666667
2025-03-03 15:55:01.681408+00:00,1.065098743,37.92766031666667
2025-03-03 15:55:03.243835+00:00,1.062807616,37.953700766666664
2025-03-03 15:55:05.365413+00:00,1.062807616,37.9890604
2025-03-03 15:55:07.168345+00:00,1.062807616,38.01910926666667
2025-03-03 15:55:08.966195+00:00,1.062807616,38.049073433333334
2025-03-03 15:55:10.812366+00:00,1.062807616,38.07984295000001
2025-03-03 15:55:12.546285+00:00,0.968992146,38.1087416
2025-03-03 15:55:15.647267+00:00,0.968992146,38.160424633333335
2025-03-03 15:55:17.729574+00:00,0.968992146,38.19512975
2025-03-03 15:55:19.461382+00:00,0.968992146,38.22399321666667
2025-03-03 15:55:22.163284+00:00,1.090008824,38.269024916666666
2025-03-03 15:55:23.822595+00:00,1.090008824,38.2966801
2025-03-03 15:55:25.400288+00:00,1.090008824,38.32297498333333
2025-03-03 15:55:27.143695+00:00,1.090008824,38.35203176666666
2025-03-03 15:55:28.876209+00:00,1.090008824,38.380907
2025-03-03 15:55:30.945210+00:00,1.090008824,38.41539035
2025-03-03 15:55:32.870943+00:00,1.071408075,38.4474859
2025-03-03 15:55:34.710232+00:00,1.071408075,38.478140716666665
2025-03-03 15:55:37.177964+00:00,1.071408075,38.51926958333333
2025-03-03 15:55:39.295931+00:00,1.071408075,38.55456903333334
2025-03-03 15:55:41.067372+00:00,1.071408075,38.58409305
2025-03-03 15:55:42.962785+00:00,1.086595234,38.615683266666665
2025-03-03 15:55:44.652888+00:00,1.086595234,38.64385165
2025-03-03 15:55:46.334719+00:00,1.086595234,38.67188216666667
2025-03-03 15:55:48.351995+00:00,1.086595234,38.705503433333334
2025-03-03 15:55:49.879414+00:00,1.086595234,38.73096041666667
2025-03-03 15:55:51.502459+00:00,1.086595234,38.75801116666666
2025-03-03 15:55:53.629714+00:00,1.040296519,38.79346541666666
2025-03-03 15:55:55.608183+00:00,1.040296519,38.8264399
2025-03-03 15:55:57.121480+00:00,1.040296519,38.85166151666667
2025-03-03 15:55:59.053012+00:00,1.040296519,38.883853716666664
2025-03-03 15:56:00.822867+00:00,1.040296519,38.9133513
2025-03-03 15:56:02.668176+00:00,1.040296519,38.94410645
2025-03-03 15:56:04.213075+00:00,1.040296519,38.96985476666667
2025-03-03 15:56:05.799635+00:00,1.040296519,38.99629743333333
2025-03-03 15:56:08.192091+00:00,1.040296519,39.0361717
2025-03-03 15:56:10.144621+00:00,1.040296519,39.06871386666667
2025-03-03 15:56:12.191868+00:00,1.040296519,39.10283465
2025-03-03 15:56:13.827562+00:00,1.01708627,39.130096216666665
2025-03-03 15:56:15.576752+00:00,1.01708627,39.15924938333333
2025-03-03 15:56:17.309215+00:00,1.01708627,39.18812376666666
2025-03-03 15:56:19.059169+00:00,1.01708627,39.21728966666667
2025-03-03 15:56:21.721601+00:00,1.01708627,39.26166353333333
2025-03-03 15:56:24.202319+00:00,1.050120135,39.30300883333334
2025-03-03 15:56:25.800483+00:00,1.050120135,39.3296449
2025-03-03 15:56:27.552109+00:00,1.050120135,39.358838666666664
2025-03-03 15:56:29.396466+00:00,1.050120135,39.389577949999996
2025-03-03 15:56:30.986700+00:00,1.050120135,39.41608185
2025-03-03 15:56:32.531302+00:00,1.008053934,39.441825216666665
2025-03-03 15:56:34.218476+00:00,1.008053934,39.46994478333333
2025-03-03 15:56:36.062561+00:00,1.008053934,39.50067953333333
2025-03-03 15:56:38.716695+00:00,1.008053934,39.544915100000004
2025-03-03 15:56:40.656164+00:00,1.008053934,39.57723958333334
2025-03-03 15:56:42.297155+00:00,1.008053934,39.60458943333333
2025-03-03 15:56:44.066419+00:00,1.06561389,39.634077166666664
2025-03-03 15:56:45.684456+00:00,1.06561389,39.66104445
2025-03-03 15:56:47.567550+00:00,1.06561389,39.69242935
2025-03-03 15:56:49.773696+00:00,1.06561389,39.72919845
2025-03-03 15:56:51.473216+00:00,1.06561389,39.75752378333333
2025-03-03 15:56:53.664032+00:00,1.067227525,39.79403738333333
2025-03-03 15:56:55.300925+00:00,1.067227525,39.82131893333334
2025-03-03 15:56:57.141572+00:00,1.067227525,39.851996383333336
2025-03-03 15:56:58.788616+00:00,1.067227525,39.87944711666667
2025-03-03 15:57:00.832760+00:00,1.067227525,39.91351618333333
2025-03-03 15:57:02.881349+00:00,1.067227525,39.947659333333334
2025-03-03 15:57:04.523301+00:00,1.067227525,39.9750252
2025-03-03 15:57:06.240892+00:00,1.067227525,40.00365171666667
2025-03-03 15:57:07.972566+00:00,1.067227525,40.03251295
2025-03-03 15:57:11.060526+00:00,1.067227525,40.083978949999995
2025-03-03 15:57:12.991331+00:00,1.067227525,40.11615903333333
2025-03-03 15:57:14.741596+00:00,1.049598825,40.14533011666666
2025-03-03 15:57:16.692032+00:00,1.049598825,40.17783738333333
2025-03-03 15:57:18.544689+00:00,1.049598825,40.208715
2025-03-03 15:57:20.295681+00:00,1.049598825,40.237898200000004
2025-03-03 15:57:22.220933+00:00,1.049598825,40.269985733333336
2025-03-03 15:57:24.351611+00:00,1.022212425,40.30549703333334
2025-03-03 15:57:26.230386+00:00,1.022212425,40.336809949999996
2025-03-03 15:57:27.975188+00:00,1.022212425,40.36588998333333
2025-03-03 15:57:29.716620+00:00,1.022212425,40.394913849999995
2025-03-03 15:57:31.555574+00:00,1.022212425,40.42556308333334
2025-03-03 15:57:33.188315+00:00,1.04812617,40.452775433333336
2025-03-03 15:57:35.089894+00:00,1.04812617,40.484468416666665
2025-03-03 15:57:36.808569+00:00,1.04812617,40.513113
2025-03-03 15:57:38.961415+00:00,1.04812617,40.54899376666666
2025-03-03 15:57:40.775407+00:00,1.04812617,40.57922696666667
2025-03-03 15:57:42.516765+00:00,1.04812617,40.6082496
2025-03-03 15:57:44.358135+00:00,1.03275958,40.6389391
2025-03-03 15:57:47.964875+00:00,1.03275958,40.69905143333334
2025-03-03 15:57:49.784910+00:00,1.03275958,40.72938535
2025-03-03 15:57:51.806012+00:00,1.03275958,40.763070383333336
2025-03-03 15:57:53.977136+00:00,0.994752305,40.79925578333334
2025-03-03 15:57:56.157365+00:00,0.994752305,40.83559293333334
2025-03-03 15:57:57.979651+00:00,0.994752305,40.86596436666667
2025-03-03 15:57:59.547687+00:00,0.994752305,40.8920983
2025-03-03 15:58:01.251177+00:00,0.994752305,40.920489800000006
2025-03-03 15:58:02.993131+00:00,0.994752305,40.94952236666666
2025-03-03 15:58:04.957303+00:00,0.994752305,40.982258566666665
2025-03-03 15:58:07.227496+00:00,0.994752305,41.02009511666667
2025-03-03 15:58:08.740196+00:00,0.994752305,41.04530678333333
2025-03-03 15:58:10.363637+00:00,0.994752305,41.07236413333333
2025-03-03 15:58:12.415657+00:00,0.994752305,41.10656446666667
2025-03-03 15:58:13.988555+00:00,1.118992308,41.13277943333333
2025-03-03 15:58:15.594987+00:00,1.118992308,41.1595533
2025-03-03 15:58:17.530413+00:00,1.118992308,41.1918104
2025-03-03 15:58:19.218739+00:00,1.118992308,41.219949166666666
2025-03-03 15:58:21.427540+00:00,1.118992308,41.25676251666666
2025-03-03 15:58:23.681650+00:00,1.08546992,41.29433101666667
2025-03-03 15:58:25.515418+00:00,1.08546992,41.324893816666666
2025-03-03 15:58:27.362884+00:00,1.08546992,41.35568491666667
2025-03-03 15:58:28.910076+00:00,1.08546992,41.38147145000001
2025-03-03 15:58:30.836658+00:00,1.08546992,41.41358115
2025-03-03 15:58:32.703887+00:00,1.08546992,41.44470163333334
2025-03-03 15:58:34.540440+00:00,1.208076274,41.47531085
2025-03-03 15:58:37.839076+00:00,1.208076274,41.53028811666666
2025-03-03 15:58:47.961029+00:00,1.24930518,41.698987333333335
2025-03-03 15:58:49.506528+00:00,1.24930518,41.72474565
2025-03-03 15:58:51.296255+00:00,1.24930518,41.75457443333333
2025-03-03 15:58:53.657772+00:00,1.24930518,41.79393305
2025-03-03 15:58:55.162394+00:00,1.248047483,41.81901008333333
2025-03-03 15:58:57.070449+00:00,1.248047483,41.850811
2025-03-03 15:58:58.662297+00:00,1.248047483,41.877341799999996
2025-03-03 15:59:00.783076+00:00,1.248047483,41.912688116666665
2025-03-03 15:59:02.473661+00:00,1.248047483,41.94086453333333
2025-03-03 15:59:04.336096+00:00,1.248047483,41.97190511666667
2025-03-03 15:59:06.882190+00:00,1.248047483,42.014340016666665
2025-03-03 15:59:08.534160+00:00,1.248047483,42.04187285
2025-03-03 15:59:10.260278+00:00,1.248047483,42.07064148333333
2025-03-03 15:59:12.070134+00:00,1.248047483,42.10080575
2025-03-03 15:59:13.957967+00:00,1.248047483,42.13226963333333
2025-03-03 15:59:15.688916+00:00,1.342635381,42.161118783333336
2025-03-03 15:59:17.643474+00:00,1.342635381,42.19369475
2025-03-03 15:59:19.588301+00:00,1.342635381,42.22610853333333
2025-03-03 15:59:22.899042+00:00,1.342635381,42.28128755
2025-03-03 15:59:24.503612+00:00,1.374286602,42.30803038333333
2025-03-03 15:59:26.248548+00:00,1.374286602,42.33711265
2025-03-03 15:59:27.992415+00:00,1.374286602,42.366177099999994
2025-03-03 15:59:29.700059+00:00,1.374286602,42.394637833333334
2025-03-03 15:59:31.592980+00:00,1.374286602,42.42618651666667
2025-03-03 15:59:33.308926+00:00,1.374286602,42.45478561666666
2025-03-03 15:59:35.058004+00:00,1.373250228,42.48393691666667
2025-03-03 15:59:36.804670+00:00,1.373250228,42.513048016666666
2025-03-03 15:59:39.046230+00:00,1.373250228,42.55040735
2025-03-03 15:59:40.985807+00:00,1.373250228,42.58273363333333
2025-03-03 15:59:42.726159+00:00,1.373250228,42.6117395
2025-03-03 15:59:44.514131+00:00,1.328223358,42.64153903333333
2025-03-03 15:59:46.315221+00:00,1.328223358,42.6715572
2025-03-03 15:59:48.255408+00:00,1.328223358,42.703893650000005
2025-03-03 15:59:49.805895+00:00,1.328223358,42.7297351
2025-03-03 15:59:51.734202+00:00,1.328223358,42.761873550000004
2025-03-03 15:59:53.691047+00:00,1.328223358,42.79448763333333
2025-03-03 15:59:55.394165+00:00,1.353013029,42.82287293333333
2025-03-03 15:59:57.070337+00:00,1.353013029,42.850809133333335
2025-03-03 15:59:59.221536+00:00,1.353013029,42.88666245
2025-03-03 16:00:00.961380+00:00,1.353013029,42.91565985
2025-03-03 16:00:02.787694+00:00,1.353013029,42.94609841666667
2025-03-03 16:00:04.442776+00:00,1.310339271,42.97368311666666
2025-03-03 16:00:06.834470+00:00,1.310339271,43.01354468333333
2025-03-03 16:00:09.167384+00:00,1.310339271,43.052426583333336
2025-03-03 16:00:10.847720+00:00,1.310339271,43.08043218333333
2025-03-03 16:00:13.277568+00:00,1.310339271,43.12092965
2025-03-03 16:00:15.288883+00:00,1.310339271,43.154451566666665
2025-03-03 16:00:17.180130+00:00,1.310339271,43.18597235
2025-03-03 16:00:18.676466+00:00,1.310339271,43.21091128333333
2025-03-03 16:00:20.370789+00:00,1.310339271,43.23915
2025-03-03 16:00:22.874549+00:00,1.310339271,43.28087933333334
2025-03-03 16:00:25.938442+00:00,1.330818352,43.33194421666667
2025-03-03 16:00:27.513777+00:00,1.330818352,43.3581998
2025-03-03 16:00:29.432100+00:00,1.330818352,43.39017185
2025-03-03 16:00:31.067003+00:00,1.330818352,43.41742023333334
2025-03-03 16:00:32.579357+00:00,1.330818352,43.442626133333334
2025-03-03 16:00:34.437050+00:00,1.330818352,43.473587683333335
2025-03-03 16:00:38.707193+00:00,1.316958456,43.54475673333333
2025-03-03 16:00:40.535755+00:00,1.316958456,43.575232766666666
2025-03-03 16:00:42.843433+00:00,1.316958456,43.61369406666667
2025-03-03 16:00:44.676169+00:00,1.316958456,43.644239666666664
2025-03-03 16:00:46.674615+00:00,1.316958456,43.6775471
2025-03-03 16:00:48.582066+00:00,1.316958456,43.70933795
2025-03-03 16:00:50.161705+00:00,1.316958456,43.735665266666665
2025-03-03 16:00:51.755447+00:00,1.316958456,43.76222763333333
2025-03-03 16:00:53.397641+00:00,1.316958456,43.789597533333335
2025-03-03 16:00:55.233585+00:00,1.48138708,43.8201966
2025-03-03 16:00:57.159255+00:00,1.48138708,43.8522911
2025-03-03 16:00:58.724101+00:00,1.48138708,43.87837186666666
2025-03-03 16:01:00.446338+00:00,1.48138708,43.90707581666666
2025-03-03 16:01:02.096041+00:00,1.48138708,43.93457086666667
2025-03-03 16:01:03.838128+00:00,1.48138708,43.96360565
2025-03-03 16:01:05.578937+00:00,1.423245589,43.99261913333333
2025-03-03 16:01:07.615202+00:00,1.423245589,44.026556883333335
2025-03-03 16:01:09.766752+00:00,1.423245589,44.06241605
2025-03-03 16:01:11.456067+00:00,1.423245589,44.0905713
2025-03-03 16:01:13.105384+00:00,1.423245589,44.11805991666667
2025-03-03 16:01:14.734834+00:00,1.423245589,44.14521741666667
2025-03-03 16:01:17.148177+00:00,1.505821771,44.185439800000005
2025-03-03 16:01:18.992150+00:00,1.505821771,44.21617268333333
2025-03-03 16:01:20.672232+00:00,1.505821771,44.24417405
2025-03-03 16:01:22.252723+00:00,1.505821771,44.27051556666667
2025-03-03 16:01:24.011654+00:00,1.505821771,44.29983108333333
2025-03-03 16:01:25.751975+00:00,1.505821771,44.32883643333333
2025-03-03 16:01:27.486701+00:00,1.505821771,44.35774853333333
2025-03-03 16:01:29.033266+00:00,1.505821771,44.38352461666667
2025-03-03 16:01:30.768457+00:00,1.505821771,44.41244446666667
2025-03-03 16:01:32.313299+00:00,1.505821771,44.438191833333335
2025-03-03 16:01:33.826444+00:00,1.505821771,44.46341091666667
2025-03-03 16:01:35.575400+00:00,1.522351192,44.49256018333333
2025-03-03 16:01:37.322271+00:00,1.522351192,44.5216747
2025-03-03 16:01:38.865376+00:00,1.522351192,44.54739311666666
2025-03-03 16:01:40.701532+00:00,1.522351192,44.57799571666667
2025-03-03 16:01:42.434386+00:00,1.522351192,44.60687661666667
2025-03-03 16:01:44.070107+00:00,1.522351192,44.634138633333336
2025-03-03 16:01:45.821680+00:00,1.456564546,44.663331516666666
2025-03-03 16:01:47.976158+00:00,1.456564546,44.699239483333336
2025-03-03 16:01:50.021722+00:00,1.456564546,44.73333221666667
2025-03-03 16:01:51.976371+00:00,1.456564546,44.765909699999995
2025-03-03 16:01:53.436432+00:00,1.456564546,44.79024405
2025-03-03 16:01:55.038374+00:00,1.456564546,44.81694308333333
2025-03-03 16:01:56.766340+00:00,1.539230764,44.84574251666666
2025-03-03 16:01:58.488404+00:00,1.539230764,44.87444358333333
2025-03-03 16:01:59.986387+00:00,1.539230764,44.89940996666667
2025-03-03 16:02:01.484861+00:00,1.539230764,44.92438453333333
2025-03-03 16:02:03.056928+00:00,1.539230764,44.95058565
2025-03-03 16:02:04.931071+00:00,1.539230764,44.981821366666665
2025-03-03 16:02:07.180939+00:00,1.453169797,45.01931916666667
2025-03-03 16:02:08.870019+00:00,1.453169797,45.0474705
2025-03-03 16:02:10.606131+00:00,1.453169797,45.0764057
2025-03-03 16:02:12.341402+00:00,1.453169797,45.10532688333333
2025-03-03 16:02:14.030684+00:00,1.453169797,45.133481583333335
2025-03-03 16:02:15.825263+00:00,1.493214433,45.16339123333333
2025-03-03 16:02:17.679444+00:00,1.493214433,45.19429425
2025-03-03 16:02:19.274792+00:00,1.493214433,45.22088338333333
2025-03-03 16:02:21.056278+00:00,1.493214433,45.25057481666667
2025-03-03 16:02:22.860221+00:00,1.493214433,45.28064053333333
2025-03-03 16:02:24.528769+00:00,1.493214433,45.30844966666667
2025-03-03 16:02:26.447532+00:00,1.493214433,45.34042905
2025-03-03 16:02:28.094403+00:00,1.493214433,45.367876900000006
2025-03-03 16:02:29.770285+00:00,1.493214433,45.39580826666667
2025-03-03 16:02:31.265129+00:00,1.493214433,45.42072233333333
2025-03-03 16:02:32.734605+00:00,1.493214433,45.4452136
2025-03-03 16:02:34.226316+00:00,1.493214433,45.470075449999996
2025-03-03 16:02:35.700831+00:00,1.493214433,45.4946507
2025-03-03 16:02:37.384971+00:00,1.322850426,45.5227197
2025-03-03 16:02:38.910306+00:00,1.322850426,45.548141949999994
2025-03-03 16:02:40.450107+00:00,1.322850426,45.573805300000004
2025-03-03 16:02:42.133525+00:00,1.322850426,45.601862266666664
2025-03-03 16:02:43.673184+00:00,1.322850426,45.627523249999996
2025-03-03 16:02:45.205065+00:00,1.322850426,45.653054600000004
2025-03-03 16:02:46.824474+00:00,1.322850426,45.68004475
2025-03-03 16:02:48.497232+00:00,1.488026333,45.707924049999995
2025-03-03 16:02:50.222563+00:00,1.488026333,45.736679566666666
2025-03-03 16:02:51.971011+00:00,1.488026333,45.76582036666667
2025-03-03 16:02:53.710456+00:00,1.488026333,45.794811116666665
2025-03-03 16:02:55.265464+00:00,1.488026333,45.82072791666667
2025-03-03 16:02:56.778214+00:00,1.434536404,45.845940416666664
2025-03-03 16:02:58.522126+00:00,1.434536404,45.87500561666666
2025-03-03 16:03:00.223821+00:00,1.434536404,45.903367200000005
2025-03-03 16:03:01.800898+00:00,1.434536404,45.92965181666667
2025-03-03 16:03:03.388241+00:00,1.434536404,45.95610753333334
2025-03-03 16:03:05.079467+00:00,1.434536404,45.984294633333334
2025-03-03 16:03:06.808267+00:00,1.441258332,46.01310796666667
2025-03-03 16:03:08.553758+00:00,1.441258332,46.042199483333334
2025-03-03 16:03:10.302167+00:00,1.441258332,46.07133963333333
2025-03-03 16:03:12.036401+00:00,1.441258332,46.100243533333334
2025-03-03 16:03:13.785442+00:00,1.441258332,46.12939421666667
2025-03-03 16:03:15.258977+00:00,1.441258332,46.15395313333333
2025-03-03 16:03:16.858901+00:00,1.441258332,46.18061853333334
2025-03-03 16:03:18.596375+00:00,1.441258332,46.20957643333334
2025-03-03 16:03:20.289775+00:00,1.441258332,46.23779976666666
2025-03-03 16:03:21.853196+00:00,1.441258332,46.26385678333334
2025-03-03 16:03:23.453318+00:00,1.441258332,46.29052548333333
2025-03-03 16:03:25.172398+00:00,1.441258332,46.31917681666666
2025-03-03 16:03:26.885055+00:00,1.437300767,46.347721099999994
2025-03-03 16:03:28.436018+00:00,1.437300767,46.37357048333333
2025-03-03 16:03:30.166683+00:00,1.437300767,46.402414900000004
2025-03-03 16:03:31.866196+00:00,1.437300767,46.43074011666667
2025-03-03 16:03:33.375981+00:00,1.437300767,46.455903199999995
2025-03-03 16:03:34.922804+00:00,1.437300767,46.48168358333333
2025-03-03 16:03:36.608358+00:00,1.347294917,46.50977615
2025-03-03 16:03:38.119818+00:00,1.347294917,46.53496715000001
2025-03-03 16:03:39.793961+00:00,1.347294917,46.562869533333334
2025-03-03 16:03:41.421663+00:00,1.347294917,46.5899979
2025-03-03 16:03:43.167970+00:00,1.347294917,46.61910301666667
