Timestamp,GasPrice(Gwei),MinutesElapsed
2025-03-03 20:01:17.047670+00:00,7.028237134,0
2025-03-03 20:01:18.623325+00:00,7.028237134,0.026260917
2025-03-03 20:01:20.304759+00:00,7.028237134,0.054284817
2025-03-03 20:01:21.905245+00:00,7.028237134,0.080959583
2025-03-03 20:01:23.457179+00:00,7.193128167,0.10682515
2025-03-03 20:01:25.056918+00:00,7.193128167,0.133487467
2025-03-03 20:01:26.656754+00:00,7.193128167,0.1601514
2025-03-03 20:01:28.180466+00:00,7.193128167,0.1855466
2025-03-03 20:01:29.700259+00:00,7.193128167,0.210876483
2025-03-03 20:01:31.230006+00:00,7.193128167,0.236372267
2025-03-03 20:01:32.740672+00:00,7.193128167,0.261550033
2025-03-03 20:01:34.299508+00:00,6.586192493,0.287530633
2025-03-03 20:01:35.838756+00:00,6.586192493,0.313184767
2025-03-03 20:01:37.419674+00:00,6.586192493,0.3395334
2025-03-03 20:01:38.912920+00:00,6.586192493,0.364420833
2025-03-03 20:01:40.437583+00:00,6.586192493,0.389831883
2025-03-03 20:01:41.982642+00:00,6.586192493,0.415582867
2025-03-03 20:01:43.795705+00:00,7.408775507,0.445800583
2025-03-03 20:01:45.338429+00:00,7.408775507,0.47151265
2025-03-03 20:01:46.859779+00:00,7.408775507,0.496868483
2025-03-03 20:01:48.387886+00:00,7.408775507,0.522336933
2025-03-03 20:01:49.906336+00:00,7.408775507,0.547644433
2025-03-03 20:01:51.416799+00:00,7.408775507,0.572818817
2025-03-03 20:01:52.945362+00:00,7.408775507,0.598294867
2025-03-03 20:01:54.475579+00:00,7.914768583,0.623798483
2025-03-03 20:01:55.987016+00:00,7.914768583,0.6489891
2025-03-03 20:01:57.511775+00:00,7.914768583,0.67440175
2025-03-03 20:01:59.057041+00:00,7.914768583,0.700156183
2025-03-03 20:02:00.579909+00:00,7.914768583,0.725537317
2025-03-03 20:02:02.113747+00:00,7.914768583,0.751101283
2025-03-03 20:02:03.602811+00:00,7.914768583,0.775919017
2025-03-03 20:02:05.101519+00:00,8.20837465,0.800897483
2025-03-03 20:02:06.632034+00:00,8.20837465,0.826406067
2025-03-03 20:02:08.119199+00:00,8.20837465,0.85119215
2025-03-03 20:02:09.581602+00:00,8.20837465,0.875565533
2025-03-03 20:02:11.069549+00:00,8.20837465,0.90036465
2025-03-03 20:02:12.606198+00:00,8.20837465,0.925975467
2025-03-03 20:02:14.130393+00:00,8.20837465,0.951378717
2025-03-03 20:02:15.638732+00:00,8.20837465,0.9765177
2025-03-03 20:02:17.140622+00:00,8.20837465,1.0015492
2025-03-03 20:02:18.627647+00:00,8.20837465,1.02633295
2025-03-03 20:02:20.194655+00:00,8.20837465,1.05244975
2025-03-03 20:02:21.699090+00:00,8.20837465,1.077523667
2025-03-03 20:02:23.196641+00:00,8.20837465,1.10248285
2025-03-03 20:02:24.766736+00:00,7.335983787,1.1286511
2025-03-03 20:02:26.299264+00:00,7.335983787,1.154193233
2025-03-03 20:02:27.796930+00:00,7.335983787,1.179154333
2025-03-03 20:02:29.337481+00:00,7.335983787,1.204830183
2025-03-03 20:02:30.837659+00:00,7.335983787,1.22983315
2025-03-03 20:02:32.374053+00:00,7.335983787,1.255439717
2025-03-03 20:02:34.265691+00:00,6.802880547,1.286967017
2025-03-03 20:02:35.841950+00:00,6.802880547,1.313238
2025-03-03 20:02:37.731336+00:00,6.802880547,1.344727767
2025-03-03 20:02:39.223430+00:00,6.802880547,1.369596
2025-03-03 20:02:40.713619+00:00,6.802880547,1.394432483
2025-03-03 20:02:42.214769+00:00,6.802880547,1.41945165
2025-03-03 20:02:43.720361+00:00,6.802880547,1.44454485
2025-03-03 20:02:45.240335+00:00,6.289523094,1.46987775
2025-03-03 20:02:46.860853+00:00,6.289523094,1.496886383
2025-03-03 20:02:48.400032+00:00,6.289523094,1.522539367
2025-03-03 20:02:49.985167+00:00,6.289523094,1.548958283
2025-03-03 20:02:51.496111+00:00,6.289523094,1.574140683
2025-03-03 20:02:53.075957+00:00,6.289523094,1.60047145
2025-03-03 20:02:54.724788+00:00,7.075368486,1.627951967
2025-03-03 20:02:56.555070+00:00,7.075368486,1.658456667
2025-03-03 20:02:58.060379+00:00,7.075368486,1.68354515
2025-03-03 20:02:59.547906+00:00,7.075368486,1.708337267
2025-03-03 20:03:01.285845+00:00,7.075368486,1.737302917
2025-03-03 20:03:02.793146+00:00,7.075368486,1.7624246
2025-03-03 20:03:04.317229+00:00,7.075368486,1.787825983
2025-03-03 20:03:05.861271+00:00,7.116196526,1.813560017
2025-03-03 20:03:07.343036+00:00,7.116196526,1.8382561
2025-03-03 20:03:08.830247+00:00,7.116196526,1.86304295
2025-03-03 20:03:10.370835+00:00,7.116196526,1.888719417
2025-03-03 20:03:11.903291+00:00,7.116196526,1.91426035
2025-03-03 20:03:13.420880+00:00,7.116196526,1.9395535
2025-03-03 20:03:14.928196+00:00,8.005550599,1.964675433
2025-03-03 20:03:16.415166+00:00,8.005550599,1.989458267
2025-03-03 20:03:17.908082+00:00,8.005550599,2.0143402
2025-03-03 20:03:19.507717+00:00,8.005550599,2.041000783
2025-03-03 20:03:21.019276+00:00,8.005550599,2.066193433
2025-03-03 20:03:22.524962+00:00,8.005550599,2.0912882
2025-03-03 20:03:24.070470+00:00,8.005550599,2.117046667
2025-03-03 20:03:25.617973+00:00,8.005550599,2.142838383
2025-03-03 20:03:27.140026+00:00,8.005550599,2.168205933
2025-03-03 20:03:28.699233+00:00,8.005550599,2.194192717
2025-03-03 20:03:30.299906+00:00,8.005550599,2.2208706
2025-03-03 20:03:31.879546+00:00,8.005550599,2.247197933
2025-03-03 20:03:33.595611+00:00,8.005550599,2.275799017
2025-03-03 20:03:35.336015+00:00,9.001960064,2.30480575
2025-03-03 20:03:36.913142+00:00,9.001960064,2.3310912
2025-03-03 20:03:38.555083+00:00,9.001960064,2.358456883
2025-03-03 20:03:40.209944+00:00,9.001960064,2.3860379
2025-03-03 20:03:41.687928+00:00,9.001960064,2.410670967
2025-03-03 20:03:43.213003+00:00,9.001960064,2.436088883
2025-03-03 20:03:44.685551+00:00,9.001960064,2.46063135
2025-03-03 20:03:46.254665+00:00,8.138731801,2.48678325
2025-03-03 20:03:48.129432+00:00,8.138731801,2.518029367
2025-03-03 20:03:49.879724+00:00,8.138731801,2.5472009
2025-03-03 20:03:51.459889+00:00,8.138731801,2.573536983
2025-03-03 20:03:53.068683+00:00,8.138731801,2.600350217
2025-03-03 20:03:54.671527+00:00,8.138731801,2.627064283
2025-03-03 20:03:56.268978+00:00,8.731599815,2.653688467
2025-03-03 20:03:57.780602+00:00,8.731599815,2.6788822
2025-03-03 20:03:59.336617+00:00,8.731599815,2.704815783
2025-03-03 20:04:00.988721+00:00,8.731599815,2.73235085
2025-03-03 20:04:02.675653+00:00,8.731599815,2.760466383
2025-03-03 20:04:04.615016+00:00,8.731599815,2.7927891
2025-03-03 20:04:06.266213+00:00,8.731599815,2.82030905
2025-03-03 20:04:07.865814+00:00,8.731599815,2.846969067
2025-03-03 20:04:09.463588+00:00,8.731599815,2.873598633
2025-03-03 20:04:11.137078+00:00,8.731599815,2.901490133
2025-03-03 20:04:12.658444+00:00,8.731599815,2.926846233
2025-03-03 20:04:14.275864+00:00,8.731599815,2.953803233
2025-03-03 20:04:15.869872+00:00,7.640149839,2.980370033
2025-03-03 20:04:17.459050+00:00,7.640149839,3.006856333
2025-03-03 20:04:19.081545+00:00,7.640149839,3.033897917
2025-03-03 20:04:20.648434+00:00,7.640149839,3.060012733
2025-03-03 20:04:22.143968+00:00,7.640149839,3.0849383
2025-03-03 20:04:23.779948+00:00,7.640149839,3.112204633
2025-03-03 20:04:25.340216+00:00,7.640149839,3.1382091
2025-03-03 20:04:26.892144+00:00,7.640149839,3.164074567
2025-03-03 20:04:28.499368+00:00,7.640149839,3.190861633
2025-03-03 20:04:30.091266+00:00,7.640149839,3.217393267
2025-03-03 20:04:31.668889+00:00,7.640149839,3.243686983
2025-03-03 20:04:33.281221+00:00,7.640149839,3.270559183
2025-03-03 20:04:35.027399+00:00,7.640149839,3.29966215
2025-03-03 20:04:36.662419+00:00,6.953973543,3.326912483
2025-03-03 20:04:38.198056+00:00,6.953973543,3.352506433
2025-03-03 20:04:39.790512+00:00,6.953973543,3.379047367
2025-03-03 20:04:41.316611+00:00,6.953973543,3.40448235
2025-03-03 20:04:42.914305+00:00,6.953973543,3.431110583
2025-03-03 20:04:44.475408+00:00,6.953973543,3.457128967
2025-03-03 20:04:46.059680+00:00,6.665504708,3.4835335
2025-03-03 20:04:47.937982+00:00,6.665504708,3.514838533
2025-03-03 20:04:49.630221+00:00,6.665504708,3.543042517
2025-03-03 20:04:51.171013+00:00,6.665504708,3.568722383
2025-03-03 20:04:52.736713+00:00,6.665504708,3.594817383
2025-03-03 20:04:54.289426+00:00,6.665504708,3.620695933
2025-03-03 20:04:55.898513+00:00,6.665504708,3.64751405
2025-03-03 20:04:57.476396+00:00,7.497772938,3.6738121
2025-03-03 20:04:59.077715+00:00,7.497772938,3.70050075
2025-03-03 20:05:00.640279+00:00,7.497772938,3.726543483
2025-03-03 20:05:02.171109+00:00,7.497772938,3.752057317
2025-03-03 20:05:06.742521+00:00,6.882576987,3.828247517
2025-03-03 20:05:08.353825+00:00,6.882576987,3.855102583
2025-03-03 20:05:09.954870+00:00,6.882576987,3.881786667
2025-03-03 20:05:11.491342+00:00,6.882576987,3.907394533
2025-03-03 20:05:13.151771+00:00,6.882576987,3.93506835
2025-03-03 20:05:14.659119+00:00,6.882576987,3.960190817
2025-03-03 20:05:16.218237+00:00,6.882576987,3.986176117
2025-03-03 20:05:17.953713+00:00,7.742837393,4.015100717
2025-03-03 20:05:19.839895+00:00,7.742837393,4.046537083
2025-03-03 20:05:21.388100+00:00,7.742837393,4.0723405
2025-03-03 20:05:22.973984+00:00,7.742837393,4.0987719
2025-03-03 20:05:24.573521+00:00,7.742837393,4.12543085
2025-03-03 20:05:26.180174+00:00,7.742837393,4.1522084
2025-03-03 20:05:27.761799+00:00,8.169627721,4.178568817
2025-03-03 20:05:29.421455+00:00,8.169627721,4.20622975
2025-03-03 20:05:31.071501+00:00,8.169627721,4.233730517
2025-03-03 20:05:32.933799+00:00,8.169627721,4.264768817
2025-03-03 20:05:34.871853+00:00,8.169627721,4.297069717
2025-03-03 20:05:36.490752+00:00,8.169627721,4.324051367
2025-03-03 20:05:37.992442+00:00,8.169627721,4.349079533
2025-03-03 20:05:40.731514+00:00,8.169627721,4.394730733
2025-03-03 20:05:42.290018+00:00,8.169627721,4.4207058
2025-03-03 20:05:43.794231+00:00,8.169627721,4.445776017
2025-03-03 20:05:45.324039+00:00,8.169627721,4.471272817
2025-03-03 20:05:46.940680+00:00,8.819080956,4.498216833
2025-03-03 20:05:48.516215+00:00,8.819080956,4.52447575
2025-03-03 20:05:50.314282+00:00,8.819080956,4.554443533
2025-03-03 20:05:51.830812+00:00,8.819080956,4.579719033
2025-03-03 20:05:53.367884+00:00,8.819080956,4.6053369
2025-03-03 20:05:54.878037+00:00,8.819080956,4.630506117
2025-03-03 20:05:56.498723+00:00,8.819080956,4.65751755
2025-03-03 20:05:58.083193+00:00,9.921268003,4.683925383
2025-03-03 20:05:59.621691+00:00,9.921268003,4.709567017
2025-03-03 20:06:01.181027+00:00,9.921268003,4.73555595
2025-03-03 20:06:02.983448+00:00,9.921268003,4.7655963
2025-03-03 20:06:04.850459+00:00,9.921268003,4.79671315
2025-03-03 20:06:06.458775+00:00,9.921268003,4.823518417
2025-03-03 20:06:08.146286+00:00,10.12921847,4.8516436
2025-03-03 20:06:09.798668+00:00,10.12921847,4.8791833
2025-03-03 20:06:11.343435+00:00,10.12921847,4.904929417
2025-03-03 20:06:12.999729+00:00,10.12921847,4.932534317
2025-03-03 20:06:14.581374+00:00,10.12921847,4.958895067
2025-03-03 20:06:16.138435+00:00,10.12921847,4.984846083
2025-03-03 20:06:18.161212+00:00,10.76979566,5.018559033
2025-03-03 20:06:19.891580+00:00,10.76979566,5.0473985
2025-03-03 20:06:21.594522+00:00,10.76979566,5.075780867
2025-03-03 20:06:23.257642+00:00,10.76979566,5.103499533
2025-03-03 20:06:24.845619+00:00,10.76979566,5.129965817
2025-03-03 20:06:26.425602+00:00,10.76979566,5.156298867
2025-03-03 20:06:28.018619+00:00,10.00649672,5.18284915
2025-03-03 20:06:29.689654+00:00,10.00649672,5.210699733
2025-03-03 20:06:31.236260+00:00,10.00649672,5.2364765
2025-03-03 20:06:33.941935+00:00,10.00649672,5.281571083
2025-03-03 20:06:35.750588+00:00,10.00649672,5.3117153
2025-03-03 20:06:37.308571+00:00,10.00649672,5.337681683
2025-03-03 20:06:38.838738+00:00,10.00649672,5.363184467
2025-03-03 20:06:40.445519+00:00,10.00649672,5.38996415
2025-03-03 20:06:41.974664+00:00,10.00649672,5.4154499
2025-03-03 20:06:43.630272+00:00,10.00649672,5.443043367
2025-03-03 20:06:45.287644+00:00,10.00649672,5.470666233
2025-03-03 20:06:46.975659+00:00,10.00649672,5.498799817
2025-03-03 20:06:48.910590+00:00,10.53468951,5.531048667
2025-03-03 20:06:51.253667+00:00,10.53468951,5.57009995
2025-03-03 20:06:52.880071+00:00,10.53468951,5.597206683
2025-03-03 20:06:54.454871+00:00,10.53468951,5.62345335
2025-03-03 20:06:56.022444+00:00,10.53468951,5.649579567
2025-03-03 20:06:57.579071+00:00,10.06895915,5.67552335
2025-03-03 20:06:59.198089+00:00,10.06895915,5.702506983
2025-03-03 20:07:00.902158+00:00,10.06895915,5.730908133
2025-03-03 20:07:02.489161+00:00,10.06895915,5.757358183
2025-03-03 20:07:04.734381+00:00,10.06895915,5.794778517
2025-03-03 20:07:07.257722+00:00,10.06895915,5.8368342
2025-03-03 20:07:08.760763+00:00,9.314211719,5.861884883
2025-03-03 20:07:10.358682+00:00,9.314211719,5.888516867
2025-03-03 20:07:11.947614+00:00,9.314211719,5.914999067
2025-03-03 20:07:14.063010+00:00,9.314211719,5.950255667
2025-03-03 20:07:15.530849+00:00,9.314211719,5.97471965
2025-03-03 20:07:17.020525+00:00,9.314211719,5.999547583
2025-03-03 20:07:18.881565+00:00,8.800699053,6.030564917
2025-03-03 20:07:20.576983+00:00,8.800699053,6.058821883
2025-03-03 20:07:22.146875+00:00,8.800699053,6.08498675
2025-03-03 20:07:23.645315+00:00,8.800699053,6.10996075
2025-03-03 20:07:25.190806+00:00,8.800699053,6.135718933
2025-03-03 20:07:26.702725+00:00,8.800699053,6.160917583
2025-03-03 20:07:28.258333+00:00,9.600838401,6.186844383
2025-03-03 20:07:29.828659+00:00,9.600838401,6.213016483
2025-03-03 20:07:31.378825+00:00,9.600838401,6.238852583
2025-03-03 20:07:33.418997+00:00,9.600838401,6.27285545
2025-03-03 20:07:35.270535+00:00,9.600838401,6.303714417
2025-03-03 20:07:37.867544+00:00,9.600838401,6.3469979
2025-03-03 20:07:39.446913+00:00,9.600838401,6.373320717
2025-03-03 20:07:40.983900+00:00,9.600838401,6.398937167
2025-03-03 20:07:42.490272+00:00,9.600838401,6.424043367
2025-03-03 20:07:44.043124+00:00,9.600838401,6.449924233
2025-03-03 20:07:45.641851+00:00,9.600838401,6.476569683
2025-03-03 20:07:47.453203+00:00,9.600838401,6.506758883
2025-03-03 20:07:49.339910+00:00,8.496000302,6.538204
2025-03-03 20:07:50.900331+00:00,8.496000302,6.564211017
2025-03-03 20:07:52.452866+00:00,8.496000302,6.5900866
2025-03-03 20:07:54.043318+00:00,8.496000302,6.616594133
2025-03-03 20:07:55.639501+00:00,8.496000302,6.643197183
2025-03-03 20:07:57.139782+00:00,8.496000302,6.668201867
2025-03-03 20:07:58.637189+00:00,9.37352314,6.69315865
2025-03-03 20:08:00.184609+00:00,9.37352314,6.718948983
2025-03-03 20:08:01.738360+00:00,9.37352314,6.744844833
2025-03-03 20:08:03.579266+00:00,9.37352314,6.7755266
2025-03-03 20:08:05.223239+00:00,9.37352314,6.80292615
2025-03-03 20:08:06.846804+00:00,9.37352314,6.829985567
2025-03-03 20:08:08.478632+00:00,9.366871389,6.8571827
2025-03-03 20:08:10.038781+00:00,9.366871389,6.883185183
2025-03-03 20:08:11.675885+00:00,9.366871389,6.91047025
2025-03-03 20:08:13.242633+00:00,9.366871389,6.936582717
2025-03-03 20:08:14.836051+00:00,9.366871389,6.963139683
2025-03-03 20:08:16.341875+00:00,9.366871389,6.98823675
2025-03-03 20:08:17.996876+00:00,9.366871389,7.0158201
2025-03-03 20:08:19.818938+00:00,9.366871389,7.0461878
2025-03-03 20:08:21.477829+00:00,9.366871389,7.073835983
2025-03-03 20:08:23.091425+00:00,9.366871389,7.10072925
2025-03-03 20:08:24.623486+00:00,9.366871389,7.1262636
2025-03-03 20:08:26.207996+00:00,9.366871389,7.1526721
2025-03-03 20:08:27.750103+00:00,9.366871389,7.178373883
2025-03-03 20:08:29.307677+00:00,9.366871389,7.20433345
2025-03-03 20:08:30.972489+00:00,9.366871389,7.232080317
2025-03-03 20:08:32.589963+00:00,9.366871389,7.259038217
2025-03-03 20:08:34.477696+00:00,9.366871389,7.290500433
2025-03-03 20:08:36.046787+00:00,9.366871389,7.31665195
2025-03-03 20:08:37.562874+00:00,10.34267377,7.341920067
2025-03-03 20:08:39.041695+00:00,10.34267377,7.366567083
2025-03-03 20:08:40.708526+00:00,10.34267377,7.3943476
2025-03-03 20:08:42.347827+00:00,10.34267377,7.421669283
2025-03-03 20:08:44.033462+00:00,10.34267377,7.4497632
2025-03-03 20:08:45.541058+00:00,10.34267377,7.4748898
2025-03-03 20:08:47.235919+00:00,9.551560854,7.503137483
2025-03-03 20:08:48.866272+00:00,9.551560854,7.530310033
2025-03-03 20:08:50.418619+00:00,9.551560854,7.556182483
2025-03-03 20:08:52.060025+00:00,9.551560854,7.58353925
2025-03-03 20:08:53.568585+00:00,9.551560854,7.608681917
2025-03-03 20:08:55.152025+00:00,9.551560854,7.635072583
2025-03-03 20:08:56.740257+00:00,9.551560854,7.661543117
2025-03-03 20:08:58.280350+00:00,8.53048886,7.687211333
2025-03-03 20:08:59.877187+00:00,8.53048886,7.713825283
2025-03-03 20:09:01.458536+00:00,8.53048886,7.7401811
2025-03-03 20:09:03.454113+00:00,8.53048886,7.773440717
2025-03-03 20:09:05.912813+00:00,8.53048886,7.81441905
2025-03-03 20:09:07.505557+00:00,9.595774069,7.840964783
2025-03-03 20:09:09.030815+00:00,9.595774069,7.86638575
2025-03-03 20:09:10.620336+00:00,9.595774069,7.892877767
2025-03-03 20:09:12.245471+00:00,9.595774069,7.91996335
2025-03-03 20:09:13.840875+00:00,9.595774069,7.946553417
2025-03-03 20:09:16.381348+00:00,9.595774069,7.988894633
2025-03-03 20:09:18.241356+00:00,9.425227328,8.019894767
2025-03-03 20:09:19.985867+00:00,9.425227328,8.04896995
2025-03-03 20:09:21.716775+00:00,9.425227328,8.077818417
2025-03-03 20:09:23.414412+00:00,9.425227328,8.106112367
2025-03-03 20:09:24.991551+00:00,9.425227328,8.132398017
2025-03-03 20:09:26.507170+00:00,9.425227328,8.157658333
2025-03-03 20:09:28.013533+00:00,10.00296176,8.182764383
2025-03-03 20:09:29.588515+00:00,10.00296176,8.209014083
2025-03-03 20:09:31.260105+00:00,10.00296176,8.236873917
2025-03-03 20:09:33.128496+00:00,10.00296176,8.268013767
2025-03-03 20:09:34.917389+00:00,10.00296176,8.29782865
2025-03-03 20:09:36.454331+00:00,10.00296176,8.32344435
2025-03-03 20:09:38.052084+00:00,10.00296176,8.350073567
2025-03-03 20:09:39.554957+00:00,10.00296176,8.37512145
2025-03-03 20:09:41.199429+00:00,10.00296176,8.402529317
2025-03-03 20:09:42.781448+00:00,10.00296176,8.4288963
2025-03-03 20:09:44.354607+00:00,10.00296176,8.455115617
2025-03-03 20:09:46.043205+00:00,10.00296176,8.483258917
2025-03-03 20:09:47.617237+00:00,9.551205905,8.509492783
2025-03-03 20:09:49.481508+00:00,9.551205905,8.540563967
2025-03-03 20:09:51.082018+00:00,9.551205905,8.567239133
2025-03-03 20:09:52.669953+00:00,9.551205905,8.593704717
2025-03-03 20:09:54.301459+00:00,9.551205905,8.620896483
2025-03-03 20:09:55.873394+00:00,9.551205905,8.6470954
2025-03-03 20:09:57.423819+00:00,9.551205905,8.672935817
2025-03-03 20:09:58.989544+00:00,8.717517734,8.699031233
2025-03-03 20:10:00.583075+00:00,8.717517734,8.725590083
2025-03-03 20:10:02.510342+00:00,8.717517734,8.7577112
2025-03-03 20:10:04.441554+00:00,8.717517734,8.789898067
2025-03-03 20:10:06.150585+00:00,8.717517734,8.818381917
2025-03-03 20:10:07.742010+00:00,9.406638151,8.844905667
2025-03-03 20:10:09.342668+00:00,9.406638151,8.8715833
2025-03-03 20:10:10.942330+00:00,9.406638151,8.898244333
2025-03-03 20:10:12.502118+00:00,9.406638151,8.9242408
2025-03-03 20:10:14.142417+00:00,9.406638151,8.951579117
2025-03-03 20:10:15.753722+00:00,9.406638151,8.9784342
2025-03-03 20:10:17.349143+00:00,9.406638151,9.00502455
2025-03-03 20:10:21.996627+00:00,8.945946609,9.082482617
2025-03-03 20:10:23.581101+00:00,8.945946609,9.108890517
2025-03-03 20:10:25.101627+00:00,8.945946609,9.134232617
2025-03-03 20:10:26.796240+00:00,8.945946609,9.162476167
2025-03-03 20:10:28.398836+00:00,8.903275227,9.1891861
2025-03-03 20:10:29.950824+00:00,8.903275227,9.215052567
2025-03-03 20:10:31.659853+00:00,8.903275227,9.243536383
2025-03-03 20:10:33.439676+00:00,8.903275227,9.2732001
2025-03-03 20:10:35.164296+00:00,8.903275227,9.301943767
2025-03-03 20:10:36.801276+00:00,8.903275227,9.329226767
2025-03-03 20:10:38.373656+00:00,8.903275227,9.3554331
2025-03-03 20:10:39.979361+00:00,8.903275227,9.38219485
2025-03-03 20:10:41.664176+00:00,8.903275227,9.4102751
2025-03-03 20:10:43.273449+00:00,8.903275227,9.437096317
2025-03-03 20:10:44.876465+00:00,8.903275227,9.46381325
2025-03-03 20:10:46.575811+00:00,8.903275227,9.492135683
2025-03-03 20:10:48.263718+00:00,8.381967889,9.520267467
2025-03-03 20:10:49.940486+00:00,8.381967889,9.5482136
2025-03-03 20:10:51.434121+00:00,8.381967889,9.573107517
2025-03-03 20:10:53.023379+00:00,8.381967889,9.59959515
2025-03-03 20:10:54.621437+00:00,8.381967889,9.62622945
2025-03-03 20:10:56.209057+00:00,8.381967889,9.652689783
2025-03-03 20:10:57.720865+00:00,8.381967889,9.677886583
2025-03-03 20:10:59.398720+00:00,7.821148178,9.705850833
2025-03-03 20:11:01.022402+00:00,7.821148178,9.7329122
2025-03-03 20:11:02.709908+00:00,7.821148178,9.7610373
2025-03-03 20:11:04.470538+00:00,7.821148178,9.790381133
2025-03-03 20:11:06.075358+00:00,7.821148178,9.817128133
2025-03-03 20:11:07.673638+00:00,7.821148178,9.843766133
2025-03-03 20:11:09.221697+00:00,6.984979682,9.869567117
2025-03-03 20:11:10.823749+00:00,6.984979682,9.896267983
2025-03-03 20:11:12.432399+00:00,6.984979682,9.923078817
2025-03-03 20:11:13.997765+00:00,6.984979682,9.94916825
2025-03-03 20:11:15.587261+00:00,6.984979682,9.97565985
2025-03-03 20:11:17.338366+00:00,6.984979682,10.00484493
2025-03-03 20:11:19.001945+00:00,7.777922449,10.03257125
2025-03-03 20:11:20.942361+00:00,7.777922449,10.06491152
2025-03-03 20:11:22.513896+00:00,7.777922449,10.09110377
2025-03-03 20:11:24.074121+00:00,7.777922449,10.11710752
2025-03-03 20:11:25.639363+00:00,7.777922449,10.14319488
2025-03-03 20:11:27.229708+00:00,7.777922449,10.16970063
2025-03-03 20:11:28.822446+00:00,8.538304772,10.19624627
2025-03-03 20:11:30.449716+00:00,8.538304772,10.22336743
2025-03-03 20:11:32.074463+00:00,8.538304772,10.25044655
2025-03-03 20:11:33.754791+00:00,8.538304772,10.27845202
2025-03-03 20:11:35.585331+00:00,8.538304772,10.30896102
2025-03-03 20:11:37.141002+00:00,8.538304772,10.33488887
2025-03-03 20:11:38.742049+00:00,8.479574465,10.36157298
2025-03-03 20:11:40.273487+00:00,8.479574465,10.38709695
2025-03-03 20:11:41.867723+00:00,8.479574465,10.41366755
2025-03-03 20:11:43.484051+00:00,8.479574465,10.44060635
2025-03-03 20:11:45.070357+00:00,8.479574465,10.46704478
2025-03-03 20:11:46.663525+00:00,8.479574465,10.49359758
2025-03-03 20:11:48.486767+00:00,8.479574465,10.52398495
2025-03-03 20:11:50.034306+00:00,8.479574465,10.54977727
2025-03-03 20:11:51.641840+00:00,8.479574465,10.5765695
2025-03-03 20:11:53.232909+00:00,8.479574465,10.60308732
2025-03-03 20:11:54.780190+00:00,8.479574465,10.62887533
2025-03-03 20:11:56.323258+00:00,8.479574465,10.65459313
2025-03-03 20:11:57.966422+00:00,8.479574465,10.6819792
2025-03-03 20:11:59.645161+00:00,8.249060413,10.70995818
2025-03-03 20:12:01.233836+00:00,8.249060413,10.7364361
2025-03-03 20:12:02.842558+00:00,8.249060413,10.76324813
2025-03-03 20:12:04.780121+00:00,8.249060413,10.79554085
2025-03-03 20:12:06.502968+00:00,8.249060413,10.82425497
2025-03-03 20:12:08.128051+00:00,8.249060413,10.85133968
2025-03-03 20:12:09.751460+00:00,7.865152464,10.8783965
2025-03-03 20:12:11.311996+00:00,7.865152464,10.90440543
2025-03-03 20:12:12.906530+00:00,7.865152464,10.930981
2025-03-03 20:12:14.519070+00:00,7.865152464,10.95785667
2025-03-03 20:12:16.070349+00:00,7.865152464,10.98371132
2025-03-03 20:12:17.628695+00:00,7.865152464,11.00968375
2025-03-03 20:12:19.536069+00:00,7.74818228,11.04147332
2025-03-03 20:12:21.243860+00:00,7.74818228,11.0699365
2025-03-03 20:12:22.791789+00:00,7.74818228,11.09573532
2025-03-03 20:12:24.340933+00:00,7.74818228,11.12155438
2025-03-03 20:12:25.939520+00:00,7.74818228,11.1481975
2025-03-03 20:12:27.421642+00:00,7.74818228,11.17289953
2025-03-03 20:12:29.019301+00:00,7.74818228,11.19952718
2025-03-03 20:12:30.575203+00:00,7.039228399,11.22545888
2025-03-03 20:12:32.829213+00:00,7.039228399,11.26302572
2025-03-03 20:12:34.511004+00:00,7.039228399,11.29105557
2025-03-03 20:12:36.100212+00:00,7.039228399,11.31754237
2025-03-03 20:12:37.675453+00:00,7.039228399,11.34379638
2025-03-03 20:12:39.245528+00:00,7.346944228,11.3699643
2025-03-03 20:12:40.946051+00:00,7.346944228,11.39830635
2025-03-03 20:12:42.500544+00:00,7.346944228,11.42421457
2025-03-03 20:12:44.097967+00:00,7.346944228,11.45083828
2025-03-03 20:12:45.664695+00:00,7.346944228,11.47695042
2025-03-03 20:12:47.623510+00:00,7.346944228,11.50959733
2025-03-03 20:12:49.277012+00:00,7.346944228,11.5371557
2025-03-03 20:12:50.994742+00:00,7.346944228,11.56578453
2025-03-03 20:12:52.507391+00:00,7.346944228,11.59099535
2025-03-03 20:12:54.070450+00:00,7.346944228,11.61704633
2025-03-03 20:12:55.628827+00:00,7.346944228,11.64301928
2025-03-03 20:12:57.389114+00:00,7.346944228,11.6723574
2025-03-03 20:12:58.941404+00:00,7.346944228,11.6982289
2025-03-03 20:13:00.583394+00:00,8.264549075,11.7255954
2025-03-03 20:13:02.220948+00:00,8.264549075,11.75288797
2025-03-03 20:13:04.058769+00:00,8.264549075,11.78351832
2025-03-03 20:13:05.981631+00:00,8.264549075,11.81556602
2025-03-03 20:13:07.664331+00:00,8.264549075,11.84361102
2025-03-03 20:13:09.257864+00:00,8.264549075,11.8701699
2025-03-03 20:13:10.822046+00:00,8.171868889,11.8962396
2025-03-03 20:13:12.385700+00:00,8.171868889,11.9223005
2025-03-03 20:13:13.981594+00:00,8.171868889,11.94889873
2025-03-03 20:13:15.571616+00:00,8.171868889,11.9753991
2025-03-03 20:13:17.146990+00:00,8.171868889,12.00165533
2025-03-03 20:13:18.768356+00:00,8.171868889,12.0286781
2025-03-03 20:13:20.277872+00:00,7.638773579,12.0538367
2025-03-03 20:13:24.917902+00:00,7.638773579,12.13117053
2025-03-03 20:13:26.477542+00:00,7.638773579,12.15716453
2025-03-03 20:13:28.134442+00:00,7.638773579,12.18477953
2025-03-03 20:13:29.682329+00:00,7.638773579,12.21057765
2025-03-03 20:13:31.264148+00:00,8.433525933,12.2369413
2025-03-03 20:13:32.874949+00:00,8.433525933,12.26378798
2025-03-03 20:13:34.474796+00:00,8.433525933,12.2904521
2025-03-03 20:13:36.103841+00:00,8.433525933,12.31760285
2025-03-03 20:13:37.688920+00:00,8.433525933,12.34402083
2025-03-03 20:13:39.585027+00:00,8.433525933,12.37562262
2025-03-03 20:13:41.783372+00:00,8.498986766,12.4122617
2025-03-03 20:13:43.384373+00:00,8.498986766,12.43894505
2025-03-03 20:13:45.023431+00:00,8.498986766,12.46626268
2025-03-03 20:13:46.705184+00:00,8.498986766,12.4942919
2025-03-03 20:13:48.303520+00:00,8.498986766,12.52093083
2025-03-03 20:13:49.885627+00:00,8.498986766,12.54729928
2025-03-03 20:13:51.424898+00:00,7.957848728,12.5729538
2025-03-03 20:13:53.068159+00:00,7.957848728,12.60034148
2025-03-03 20:13:54.631089+00:00,7.957848728,12.62639032
2025-03-03 20:13:56.183495+00:00,7.957848728,12.65226375
2025-03-03 20:13:57.713406+00:00,7.957848728,12.67776227
2025-03-03 20:13:59.233654+00:00,7.957848728,12.70309973
2025-03-03 20:14:00.943091+00:00,7.957848728,12.73159035
2025-03-03 20:14:02.625418+00:00,7.957848728,12.75962913
2025-03-03 20:14:04.190775+00:00,7.957848728,12.78571842
2025-03-03 20:14:05.796834+00:00,7.957848728,12.81248607
2025-03-03 20:14:07.384699+00:00,7.957848728,12.83895048
2025-03-03 20:14:08.949926+00:00,7.957848728,12.8650376
2025-03-03 20:14:10.788731+00:00,7.752151429,12.89568435
2025-03-03 20:14:12.319936+00:00,7.752151429,12.92120443
2025-03-03 20:14:13.888001+00:00,7.752151429,12.94733885
2025-03-03 20:14:15.511562+00:00,7.752151429,12.9743982
2025-03-03 20:14:17.146225+00:00,7.752151429,13.00164258
2025-03-03 20:14:18.998378+00:00,7.752151429,13.0325118
2025-03-03 20:14:20.917102+00:00,8.720293342,13.06449053
2025-03-03 20:14:22.514535+00:00,8.720293342,13.09111442
2025-03-03 20:14:24.115568+00:00,8.720293342,13.1177983
2025-03-03 20:14:25.702270+00:00,8.720293342,13.14424333
2025-03-03 20:14:27.316544+00:00,8.720293342,13.1711479
2025-03-03 20:14:28.860410+00:00,8.720293342,13.196879
2025-03-03 20:14:30.450263+00:00,8.727232954,13.22337655
2025-03-03 20:14:32.117212+00:00,8.727232954,13.25115903
2025-03-03 20:14:33.717378+00:00,8.727232954,13.27782847
2025-03-03 20:14:35.290922+00:00,8.727232954,13.3040542
2025-03-03 20:14:37.051663+00:00,8.727232954,13.33339988
2025-03-03 20:14:38.627181+00:00,8.727232954,13.35965852
2025-03-03 20:14:40.215421+00:00,8.727232954,13.38612918
2025-03-03 20:14:41.808417+00:00,7.716484534,13.41267912
2025-03-03 20:14:43.423670+00:00,7.716484534,13.4396
2025-03-03 20:14:45.026853+00:00,7.716484534,13.46631972
2025-03-03 20:14:47.226670+00:00,7.716484534,13.50298333
2025-03-03 20:14:48.931607+00:00,7.716484534,13.53139895
2025-03-03 20:14:50.927015+00:00,7.275756297,13.56465575
2025-03-03 20:14:52.660452+00:00,7.275756297,13.59354637
2025-03-03 20:14:54.454030+00:00,7.275756297,13.62343933
2025-03-03 20:14:56.041175+00:00,7.275756297,13.64989175
2025-03-03 20:14:57.883974+00:00,7.275756297,13.68060507
2025-03-03 20:14:59.629850+00:00,7.275756297,13.709703
2025-03-03 20:15:01.468963+00:00,7.275756297,13.74035488
2025-03-03 20:15:03.233118+00:00,7.275756297,13.76975747
2025-03-03 20:15:05.025327+00:00,7.275756297,13.79962762
2025-03-03 20:15:07.131927+00:00,7.275756297,13.83473762
2025-03-03 20:15:08.840647+00:00,7.275756297,13.86321628
2025-03-03 20:15:10.832734+00:00,7.275756297,13.89641773
2025-03-03 20:15:12.731704+00:00,6.632163135,13.92806723
2025-03-03 20:15:14.471814+00:00,6.632163135,13.95706907
2025-03-03 20:15:16.340205+00:00,6.632163135,13.98820892
2025-03-03 20:15:18.158931+00:00,6.632163135,14.01852102
2025-03-03 20:15:20.230519+00:00,6.632163135,14.05304748
2025-03-03 20:15:22.258025+00:00,7.460467984,14.08683925
2025-03-03 20:15:23.929721+00:00,7.460467984,14.11470085
2025-03-03 20:15:25.632081+00:00,7.460467984,14.14307352
2025-03-03 20:15:27.174785+00:00,7.460467984,14.16878525
2025-03-03 20:15:29.116101+00:00,7.460467984,14.20114052
2025-03-03 20:15:30.764477+00:00,7.460467984,14.22861345
2025-03-03 20:15:32.794038+00:00,8.371955932,14.26243947
2025-03-03 20:15:34.542754+00:00,8.371955932,14.29158473
2025-03-03 20:15:36.433241+00:00,8.371955932,14.32309285
2025-03-03 20:15:38.376449+00:00,8.371955932,14.35547965
2025-03-03 20:15:41.440008+00:00,8.061010689,14.40653897
2025-03-03 20:15:43.246465+00:00,8.061010689,14.43664658
2025-03-03 20:15:44.930441+00:00,8.061010689,14.46471285
2025-03-03 20:15:46.728897+00:00,8.061010689,14.49468712
2025-03-03 20:15:48.367787+00:00,8.061010689,14.52200195
2025-03-03 20:15:50.618925+00:00,8.061010689,14.55952092
2025-03-03 20:15:52.666821+00:00,8.093590904,14.59365252
2025-03-03 20:15:54.556656+00:00,8.093590904,14.62514977
2025-03-03 20:15:56.124223+00:00,8.093590904,14.65127588
2025-03-03 20:15:57.723184+00:00,8.093590904,14.67792523
2025-03-03 20:15:59.938436+00:00,8.093590904,14.7148461
2025-03-03 20:16:01.579249+00:00,8.093590904,14.74219298
2025-03-03 20:16:03.329421+00:00,8.093590904,14.77136252
2025-03-03 20:16:04.909245+00:00,8.093590904,14.79769292
2025-03-03 20:16:06.492530+00:00,8.093590904,14.824081
2025-03-03 20:16:08.107033+00:00,8.093590904,14.85098938
2025-03-03 20:16:09.826107+00:00,8.093590904,14.87964062
2025-03-03 20:16:11.820808+00:00,8.016502372,14.91288563
2025-03-03 20:16:13.528603+00:00,8.016502372,14.94134888
2025-03-03 20:16:15.630845+00:00,8.016502372,14.97638625
2025-03-03 20:16:17.313105+00:00,8.016502372,15.00442392
2025-03-03 20:16:19.087338+00:00,8.016502372,15.03399447
2025-03-03 20:16:21.032089+00:00,8.016502372,15.06640698
2025-03-03 20:16:23.117449+00:00,8.186687693,15.10116298
2025-03-03 20:16:25.034310+00:00,8.186687693,15.13311067
2025-03-03 20:16:26.767940+00:00,8.186687693,15.1620045
2025-03-03 20:16:28.731702+00:00,8.186687693,15.19473387
2025-03-03 20:16:30.351959+00:00,8.186687693,15.22173815
2025-03-03 20:16:32.154045+00:00,8.051434017,15.25177292
2025-03-03 20:16:34.038989+00:00,8.051434017,15.28318865
2025-03-03 20:16:35.716077+00:00,8.051434017,15.31114012
2025-03-03 20:16:37.465134+00:00,8.051434017,15.34029107
2025-03-03 20:16:39.158064+00:00,8.051434017,15.36850657
2025-03-03 20:16:40.964124+00:00,8.051434017,15.39860757
2025-03-03 20:16:42.906054+00:00,7.38485002,15.43097307
2025-03-03 20:16:44.934230+00:00,7.38485002,15.464776
2025-03-03 20:16:47.161375+00:00,7.38485002,15.50189508
2025-03-03 20:16:49.001137+00:00,7.38485002,15.53255778
2025-03-03 20:16:51.140668+00:00,7.38485002,15.56821663
2025-03-03 20:16:52.879407+00:00,7.712033659,15.59719562
2025-03-03 20:16:54.722927+00:00,7.712033659,15.62792095
2025-03-03 20:16:56.770731+00:00,7.712033659,15.66205102
2025-03-03 20:16:58.513008+00:00,7.712033659,15.69108897
2025-03-03 20:17:00.371746+00:00,7.712033659,15.72206793
2025-03-03 20:17:02.159939+00:00,7.221245816,15.75187115
2025-03-03 20:17:04.070214+00:00,7.221245816,15.78370907
2025-03-03 20:17:05.723284+00:00,7.221245816,15.81126023
2025-03-03 20:17:07.469855+00:00,7.221245816,15.84036975
2025-03-03 20:17:09.070964+00:00,7.221245816,15.8670549
2025-03-03 20:17:10.697511+00:00,7.221245816,15.89416402
2025-03-03 20:17:12.670603+00:00,7.221245816,15.92704888
2025-03-03 20:17:14.383013+00:00,7.221245816,15.95558905
2025-03-03 20:17:16.371482+00:00,7.221245816,15.9887302
2025-03-03 20:17:18.158714+00:00,7.221245816,16.0185174
2025-03-03 20:17:19.811461+00:00,7.221245816,16.04606318
2025-03-03 20:17:21.859526+00:00,7.221245816,16.0801976
2025-03-03 20:17:23.598600+00:00,7.659379359,16.10918217
2025-03-03 20:17:25.650990+00:00,7.659379359,16.14338867
2025-03-03 20:17:27.491483+00:00,7.659379359,16.17406355
2025-03-03 20:17:29.462589+00:00,7.659379359,16.20691532
2025-03-03 20:17:31.447381+00:00,7.659379359,16.23999518
2025-03-03 20:17:33.249347+00:00,7.386151646,16.27002795
2025-03-03 20:17:34.914959+00:00,7.386151646,16.29778815
2025-03-03 20:17:36.852609+00:00,7.386151646,16.33008232
2025-03-03 20:17:38.653686+00:00,7.386151646,16.36010027
2025-03-03 20:17:40.249291+00:00,7.386151646,16.38669368
2025-03-03 20:17:42.552753+00:00,7.339111308,16.42508472
2025-03-03 20:17:44.283948+00:00,7.339111308,16.45393797
2025-03-03 20:17:46.151747+00:00,7.339111308,16.48506795
2025-03-03 20:17:47.869417+00:00,7.339111308,16.51369578
2025-03-03 20:17:49.956108+00:00,7.339111308,16.54847397
2025-03-03 20:17:51.965947+00:00,7.339111308,16.58197128
2025-03-03 20:17:53.649673+00:00,7.482725331,16.61003338
2025-03-03 20:17:55.446977+00:00,7.482725331,16.63998845
2025-03-03 20:17:58.052752+00:00,7.482725331,16.68341803
2025-03-03 20:17:59.849630+00:00,7.482725331,16.713366
2025-03-03 20:18:01.476076+00:00,7.482725331,16.74047343
2025-03-03 20:18:03.174345+00:00,7.3711124,16.76877792
2025-03-03 20:18:04.958252+00:00,7.3711124,16.7985097
2025-03-03 20:18:06.591490+00:00,7.3711124,16.82573033
2025-03-03 20:18:08.355656+00:00,7.3711124,16.8551331
2025-03-03 20:18:09.988655+00:00,7.3711124,16.88234975
2025-03-03 20:18:11.899071+00:00,7.3711124,16.91419002
2025-03-03 20:18:13.649684+00:00,7.3711124,16.9433669
2025-03-03 20:18:15.389232+00:00,7.3711124,16.97235937
2025-03-03 20:18:17.249771+00:00,7.3711124,17.00336835
2025-03-03 20:18:19.569033+00:00,7.3711124,17.04202272
2025-03-03 20:18:21.469487+00:00,7.3711124,17.07369695
2025-03-03 20:18:23.199523+00:00,7.360031644,17.10253088
2025-03-03 20:18:25.346806+00:00,7.360031644,17.13831893
2025-03-03 20:18:26.975767+00:00,7.360031644,17.16546828
2025-03-03 20:18:28.864625+00:00,7.360031644,17.19694925
2025-03-03 20:18:30.680931+00:00,7.360031644,17.22722102
2025-03-03 20:18:32.414067+00:00,7.360031644,17.25610662
2025-03-03 20:18:34.269144+00:00,7.172899472,17.28702457
2025-03-03 20:18:35.964846+00:00,7.172899472,17.31528627
2025-03-03 20:18:37.521300+00:00,7.172899472,17.34122717
2025-03-03 20:18:39.274585+00:00,7.172899472,17.37044858
2025-03-03 20:18:40.874298+00:00,7.172899472,17.39711047
2025-03-03 20:18:42.569627+00:00,7.172899472,17.42536595
2025-03-03 20:18:44.293329+00:00,6.800691068,17.45409432
2025-03-03 20:18:46.167822+00:00,6.800691068,17.48533587
2025-03-03 20:18:47.731177+00:00,6.800691068,17.51139178
2025-03-03 20:18:49.310920+00:00,6.800691068,17.53772083
2025-03-03 20:18:51.054994+00:00,6.800691068,17.56678873
2025-03-03 20:18:52.998083+00:00,6.800691068,17.59917355
2025-03-03 20:18:54.849629+00:00,6.73164573,17.63003265
2025-03-03 20:18:56.580371+00:00,6.73164573,17.65887835
2025-03-03 20:18:58.550625+00:00,6.73164573,17.69171592
2025-03-03 20:19:00.368369+00:00,6.73164573,17.72201165
2025-03-03 20:19:02.250990+00:00,6.73164573,17.75338867
2025-03-03 20:19:04.158582+00:00,6.499474214,17.78518187
2025-03-03 20:19:06.103451+00:00,6.499474214,17.81759635
2025-03-03 20:19:07.847371+00:00,6.499474214,17.84666168
2025-03-03 20:19:09.453739+00:00,6.499474214,17.87343448
2025-03-03 20:19:12.178502+00:00,6.499474214,17.9188472
2025-03-03 20:19:13.887028+00:00,6.499474214,17.94732263
2025-03-03 20:19:16.240309+00:00,6.499474214,17.98654398
2025-03-03 20:19:17.879639+00:00,6.499474214,18.01386615
2025-03-03 20:19:19.928047+00:00,6.499474214,18.04800628
2025-03-03 20:19:21.669826+00:00,6.499474214,18.07703593
2025-03-03 20:19:23.517600+00:00,6.866911336,18.10783217
2025-03-03 20:19:25.356743+00:00,6.866911336,18.13848455
2025-03-03 20:19:27.306321+00:00,6.866911336,18.17097752
2025-03-03 20:19:28.956005+00:00,6.866911336,18.19847225
2025-03-03 20:19:30.784460+00:00,6.866911336,18.2289465
2025-03-03 20:19:32.851262+00:00,6.866911336,18.2633932
2025-03-03 20:19:34.575322+00:00,6.646031684,18.29212753
2025-03-03 20:19:36.549739+00:00,6.646031684,18.32503448
2025-03-03 20:19:38.462962+00:00,6.646031684,18.35692153
2025-03-03 20:19:40.510398+00:00,6.646031684,18.39104547
2025-03-03 20:19:42.047127+00:00,6.646031684,18.41665762
2025-03-03 20:19:43.668752+00:00,6.753418082,18.4436847
2025-03-03 20:19:45.631454+00:00,6.753418082,18.4763964
2025-03-03 20:19:47.374241+00:00,6.753418082,18.50544285
2025-03-03 20:19:49.051611+00:00,6.753418082,18.53339902
2025-03-03 20:19:50.693237+00:00,6.753418082,18.56075945
2025-03-03 20:19:53.209161+00:00,6.753418082,18.60269152
2025-03-03 20:19:55.459616+00:00,6.87183003,18.6401991
2025-03-03 20:19:57.452120+00:00,6.87183003,18.6734075
2025-03-03 20:20:00.175275+00:00,6.87183003,18.71879342
2025-03-03 20:20:02.048358+00:00,6.87183003,18.75001147
2025-03-03 20:20:03.859130+00:00,6.674264199,18.780191
2025-03-03 20:20:05.498466+00:00,6.674264199,18.80751327
2025-03-03 20:20:07.442546+00:00,6.674264199,18.8399146
2025-03-03 20:20:09.067039+00:00,6.674264199,18.86698948
2025-03-03 20:20:10.922553+00:00,6.674264199,18.89791472
2025-03-03 20:20:12.820645+00:00,6.674264199,18.92954958
2025-03-03 20:20:14.476420+00:00,6.674264199,18.95714583
2025-03-03 20:20:16.379829+00:00,6.674264199,18.98886932
2025-03-03 20:20:18.193060+00:00,6.674264199,19.01908983
2025-03-03 20:20:20.181212+00:00,6.674264199,19.0522257
2025-03-03 20:20:22.290234+00:00,6.674264199,19.08737607
2025-03-03 20:20:24.680280+00:00,6.804695682,19.12721017
2025-03-03 20:20:26.599460+00:00,6.804695682,19.1591965
2025-03-03 20:20:28.433614+00:00,6.804695682,19.18976573
2025-03-03 20:20:30.174088+00:00,6.804695682,19.21877363
2025-03-03 20:20:32.119473+00:00,6.804695682,19.25119672
2025-03-03 20:20:33.861236+00:00,6.536930032,19.2802261
2025-03-03 20:20:35.806992+00:00,6.536930032,19.31265537
2025-03-03 20:20:37.548677+00:00,6.536930032,19.34168345
2025-03-03 20:20:39.596094+00:00,6.536930032,19.37580707
2025-03-03 20:20:41.759149+00:00,6.536930032,19.41185798
2025-03-03 20:20:43.589007+00:00,6.536930032,19.44235562
2025-03-03 20:20:45.170691+00:00,6.476281194,19.46871702
2025-03-03 20:20:46.839635+00:00,6.476281194,19.49653275
2025-03-03 20:20:48.715254+00:00,6.476281194,19.52779307
2025-03-03 20:20:50.554702+00:00,6.476281194,19.55845053
2025-03-03 20:20:52.191420+00:00,6.476281194,19.58572917
2025-03-03 20:20:54.035618+00:00,6.476281194,19.6164658
2025-03-03 20:20:56.405639+00:00,5.723362925,19.65596615
2025-03-03 20:20:58.334710+00:00,5.723362925,19.68811733
2025-03-03 20:21:00.074781+00:00,5.723362925,19.71711852
2025-03-03 20:21:02.341061+00:00,5.723362925,19.75488985
2025-03-03 20:21:04.275012+00:00,5.858226301,19.78712237
2025-03-03 20:21:05.873832+00:00,5.858226301,19.81376937
2025-03-03 20:21:07.654925+00:00,5.858226301,19.84345425
2025-03-03 20:21:10.015908+00:00,5.858226301,19.88280397
2025-03-03 20:21:12.149827+00:00,5.858226301,19.91836928
2025-03-03 20:21:13.740746+00:00,5.858226301,19.9448846
2025-03-03 20:21:15.673995+00:00,5.26810593,19.97710542
2025-03-03 20:21:17.248390+00:00,5.26810593,20.00334533
2025-03-03 20:21:19.371486+00:00,5.26810593,20.03873027
2025-03-03 20:21:21.477183+00:00,5.26810593,20.07382522
2025-03-03 20:21:23.584494+00:00,5.26810593,20.10894707
2025-03-03 20:21:25.788709+00:00,5.26810593,20.14568398
2025-03-03 20:21:27.525061+00:00,5.26810593,20.17462318
2025-03-03 20:21:29.507830+00:00,5.26810593,20.20766933
2025-03-03 20:21:31.307992+00:00,5.26810593,20.23767203
2025-03-03 20:21:32.849233+00:00,5.26810593,20.26335938
2025-03-03 20:21:34.609203+00:00,5.26810593,20.29269222
2025-03-03 20:21:36.293564+00:00,5.788784034,20.3207649
2025-03-03 20:21:38.116488+00:00,5.788784034,20.35114697
2025-03-03 20:21:40.523100+00:00,5.788784034,20.39125717
2025-03-03 20:21:42.810274+00:00,5.788784034,20.42937673
2025-03-03 20:21:44.620747+00:00,5.788784034,20.45955128
2025-03-03 20:21:46.568953+00:00,5.895759788,20.49202138
2025-03-03 20:21:48.157588+00:00,5.895759788,20.51849863
2025-03-03 20:21:49.813207+00:00,5.895759788,20.54609228
2025-03-03 20:21:51.787427+00:00,5.895759788,20.57899595
2025-03-03 20:21:54.101054+00:00,5.895759788,20.6175564
2025-03-03 20:21:56.617595+00:00,5.84944102,20.65949875
2025-03-03 20:21:58.555639+00:00,5.84944102,20.69179948
2025-03-03 20:22:00.496536+00:00,5.84944102,20.72414777
2025-03-03 20:22:02.644416+00:00,5.84944102,20.75994577
2025-03-03 20:22:04.486127+00:00,5.84944102,20.79064095
2025-03-03 20:22:06.588816+00:00,5.321783663,20.82568577
2025-03-03 20:22:08.178602+00:00,5.321783663,20.8521822
2025-03-03 20:22:10.118483+00:00,5.321783663,20.88451355
2025-03-03 20:22:12.473186+00:00,5.321783663,20.9237586
2025-03-03 20:22:14.014448+00:00,5.321783663,20.9494463
2025-03-03 20:22:15.751212+00:00,5.371315114,20.97839237
2025-03-03 20:22:17.804197+00:00,5.371315114,21.01260878
2025-03-03 20:22:19.368832+00:00,5.371315114,21.03868603
2025-03-03 20:22:21.112707+00:00,5.371315114,21.06775062
2025-03-03 20:22:22.819919+00:00,5.371315114,21.09620415
2025-03-03 20:22:25.173232+00:00,5.371315114,21.13542603
2025-03-03 20:22:27.082453+00:00,5.371315114,21.16724638
2025-03-03 20:22:28.838299+00:00,5.371315114,21.19651048
2025-03-03 20:22:30.601249+00:00,5.371315114,21.22589298
2025-03-03 20:22:32.649441+00:00,5.371315114,21.26002952
2025-03-03 20:22:34.272375+00:00,5.371315114,21.28707842
2025-03-03 20:22:36.240762+00:00,5.5707287,21.31988487
2025-03-03 20:22:37.869043+00:00,5.5707287,21.34702288
2025-03-03 20:22:40.156220+00:00,5.5707287,21.3851425
2025-03-03 20:22:42.168621+00:00,5.5707287,21.41868252
2025-03-03 20:22:43.905146+00:00,5.5707287,21.4476246
2025-03-03 20:22:45.651586+00:00,5.476081625,21.47673193
2025-03-03 20:22:47.511970+00:00,5.476081625,21.50773833
2025-03-03 20:22:49.205402+00:00,5.476081625,21.5359622
2025-03-03 20:22:51.030374+00:00,5.476081625,21.5663784
2025-03-03 20:22:52.716786+00:00,5.476081625,21.59448527
2025-03-03 20:22:54.615670+00:00,5.476081625,21.62613333
2025-03-03 20:22:56.582901+00:00,5.226575927,21.65892052
2025-03-03 20:22:58.571775+00:00,5.226575927,21.69206842
2025-03-03 20:23:00.294703+00:00,5.226575927,21.72078388
2025-03-03 20:23:02.071047+00:00,5.226575927,21.75038962
2025-03-03 20:23:04.186492+00:00,5.226575927,21.78564703
2025-03-03 20:23:06.164529+00:00,5.559381158,21.81861432
2025-03-03 20:23:07.975828+00:00,5.559381158,21.84880263
2025-03-03 20:23:11.288245+00:00,5.559381158,21.90400958
2025-03-03 20:23:13.326488+00:00,5.559381158,21.9379803
2025-03-03 20:23:15.126090+00:00,5.559381158,21.96797367
2025-03-03 20:23:16.985388+00:00,5.542194343,21.99896197
2025-03-03 20:23:18.829326+00:00,5.542194343,22.02969427
2025-03-03 20:23:20.776541+00:00,5.542194343,22.06214785
2025-03-03 20:23:22.727291+00:00,5.542194343,22.09466035
2025-03-03 20:23:24.460175+00:00,5.542194343,22.12354175
2025-03-03 20:23:29.275827+00:00,5.542194343,22.20380262
2025-03-03 20:23:31.117699+00:00,5.542194343,22.23450048
2025-03-03 20:23:33.166022+00:00,5.542194343,22.2686392
2025-03-03 20:23:35.285525+00:00,5.542194343,22.30396425
2025-03-03 20:23:37.275321+00:00,5.242047512,22.33712752
2025-03-03 20:23:39.159850+00:00,5.242047512,22.36853633
2025-03-03 20:23:43.118623+00:00,5.242047512,22.43451588
2025-03-03 20:23:44.687560+00:00,5.242047512,22.46066483
2025-03-03 20:23:46.629294+00:00,4.962136045,22.49302707
2025-03-03 20:23:49.153201+00:00,4.962136045,22.53509218
2025-03-03 20:23:51.116804+00:00,4.962136045,22.5678189
2025-03-03 20:23:52.930555+00:00,4.962136045,22.59804808
2025-03-03 20:23:54.508373+00:00,4.962136045,22.62434505
2025-03-03 20:23:59.447683+00:00,4.585906374,22.70666688
2025-03-03 20:24:01.123113+00:00,4.585906374,22.73459072
2025-03-03 20:24:02.886151+00:00,4.585906374,22.76397468
2025-03-03 20:24:04.499854+00:00,4.585906374,22.79086973
2025-03-03 20:24:06.484998+00:00,4.871758019,22.82395547
2025-03-03 20:24:08.391586+00:00,4.871758019,22.85573193
2025-03-03 20:24:10.182338+00:00,4.871758019,22.8855778
2025-03-03 20:24:12.017503+00:00,4.871758019,22.91616388
2025-03-03 20:24:13.768225+00:00,4.871758019,22.94534258
2025-03-03 20:24:15.558898+00:00,4.871758019,22.97518713
2025-03-03 20:24:17.283266+00:00,5.061163749,23.0039266
2025-03-03 20:24:18.848233+00:00,5.061163749,23.03000938
2025-03-03 20:24:20.474854+00:00,5.061163749,23.05711973
2025-03-03 20:24:22.259137+00:00,5.061163749,23.08685778
2025-03-03 20:24:24.161068+00:00,5.061163749,23.11855663
2025-03-03 20:24:26.089512+00:00,5.061163749,23.15069737
2025-03-03 20:24:28.189069+00:00,5.061163749,23.18568998
2025-03-03 20:24:29.998338+00:00,5.061163749,23.21584447
2025-03-03 20:24:32.089242+00:00,5.061163749,23.25069287
2025-03-03 20:24:33.890237+00:00,5.061163749,23.28070945
2025-03-03 20:24:35.967968+00:00,5.061163749,23.3153383
2025-03-03 20:24:37.646307+00:00,4.922761728,23.34331062
2025-03-03 20:24:39.725257+00:00,4.922761728,23.37795978
2025-03-03 20:24:42.056802+00:00,4.922761728,23.41681887
2025-03-03 20:24:44.129979+00:00,4.922761728,23.45137182
2025-03-03 20:24:45.708276+00:00,4.922761728,23.47767677
2025-03-03 20:24:47.402805+00:00,4.812330769,23.50591892
2025-03-03 20:24:49.249037+00:00,4.812330769,23.53668945
2025-03-03 20:24:52.001812+00:00,4.812330769,23.58256903
2025-03-03 20:24:53.693722+00:00,4.812330769,23.61076753
2025-03-03 20:24:56.209864+00:00,4.812330769,23.65270323
2025-03-03 20:24:58.068318+00:00,4.699695819,23.68367747
2025-03-03 20:24:59.634443+00:00,4.699695819,23.70977955
2025-03-03 20:25:01.278946+00:00,4.699695819,23.73718793
2025-03-03 20:25:03.079594+00:00,4.699695819,23.76719873
2025-03-03 20:25:04.893414+00:00,4.699695819,23.79742907
2025-03-03 20:25:06.864432+00:00,4.660310569,23.83027937
2025-03-03 20:25:08.704982+00:00,4.660310569,23.8609552
2025-03-03 20:25:11.163865+00:00,4.660310569,23.90193658
2025-03-03 20:25:13.040612+00:00,4.660310569,23.9332157
2025-03-03 20:25:14.635379+00:00,4.660310569,23.95979515
2025-03-03 20:25:16.401143+00:00,4.660310569,23.98922455
2025-03-03 20:25:18.495901+00:00,4.546000637,24.02413718
2025-03-03 20:25:20.277949+00:00,4.546000637,24.05383798
2025-03-03 20:25:22.201465+00:00,4.546000637,24.08589658
2025-03-03 20:25:24.224206+00:00,4.546000637,24.11960893
2025-03-03 20:25:26.388473+00:00,4.546000637,24.15568005
2025-03-03 20:25:28.520082+00:00,4.524985509,24.19120687
2025-03-03 20:25:30.389449+00:00,4.524985509,24.22236298
2025-03-03 20:25:32.060622+00:00,4.524985509,24.25021587
2025-03-03 20:25:33.622490+00:00,4.524985509,24.276247
2025-03-03 20:25:35.330977+00:00,4.524985509,24.30472178
2025-03-03 20:25:37.118690+00:00,4.524985509,24.334517
2025-03-03 20:25:39.221719+00:00,4.524985509,24.36956748
2025-03-03 20:25:40.939215+00:00,4.524985509,24.39819242
2025-03-03 20:25:42.664566+00:00,4.524985509,24.42694827
2025-03-03 20:25:44.221336+00:00,4.524985509,24.45289443
2025-03-03 20:25:46.186039+00:00,4.524985509,24.48563948
2025-03-03 20:25:48.156817+00:00,4.833117696,24.51848578
2025-03-03 20:25:49.870658+00:00,4.833117696,24.5470498
2025-03-03 20:25:51.848523+00:00,4.833117696,24.58001422
2025-03-03 20:25:53.510478+00:00,4.833117696,24.60771347
2025-03-03 20:25:57.242405+00:00,4.833117696,24.66991225
2025-03-03 20:25:58.994196+00:00,4.298030286,24.69910877
2025-03-03 20:26:00.726322+00:00,4.298030286,24.72797753
2025-03-03 20:26:02.796304+00:00,4.298030286,24.76247723
2025-03-03 20:26:04.413232+00:00,4.298030286,24.78942603
2025-03-03 20:26:06.493533+00:00,4.298030286,24.82409772
2025-03-03 20:26:08.137879+00:00,4.678567731,24.85150348
2025-03-03 20:26:10.172678+00:00,4.678567731,24.8854168
2025-03-03 20:26:12.508669+00:00,4.678567731,24.92434998
2025-03-03 20:26:14.490911+00:00,4.678567731,24.95738735
2025-03-03 20:26:16.188946+00:00,4.678567731,24.98568793
2025-03-03 20:26:17.927938+00:00,4.68776751,25.01467113
2025-03-03 20:26:20.079070+00:00,4.68776751,25.05052333
2025-03-03 20:26:21.821646+00:00,4.68776751,25.07956627
2025-03-03 20:26:23.726081+00:00,4.68776751,25.11130685
2025-03-03 20:26:26.171983+00:00,4.68776751,25.15207188
2025-03-03 20:26:28.070734+00:00,4.392071937,25.18371773
2025-03-03 20:26:30.011501+00:00,4.392071937,25.21606385
2025-03-03 20:26:31.974562+00:00,4.392071937,25.24878153
2025-03-03 20:26:33.698519+00:00,4.392071937,25.27751415
2025-03-03 20:26:35.242559+00:00,4.392071937,25.30324815
2025-03-03 20:26:36.979528+00:00,4.392071937,25.33219763
2025-03-03 20:26:38.774464+00:00,4.392071937,25.36211323
2025-03-03 20:26:40.978177+00:00,4.392071937,25.39884178
2025-03-03 20:26:42.950071+00:00,4.392071937,25.43170668
2025-03-03 20:26:44.553822+00:00,4.392071937,25.45843587
2025-03-03 20:26:46.192412+00:00,4.392071937,25.4857457
2025-03-03 20:26:48.051201+00:00,4.496833253,25.51672552
2025-03-03 20:26:49.893617+00:00,4.496833253,25.54743245
2025-03-03 20:26:52.030156+00:00,4.496833253,25.58304143
2025-03-03 20:26:53.772058+00:00,4.496833253,25.61207313
2025-03-03 20:26:55.769689+00:00,4.496833253,25.64536698
2025-03-03 20:26:57.712464+00:00,4.367137619,25.67774657
2025-03-03 20:26:59.503270+00:00,4.367137619,25.70759333
2025-03-03 20:27:01.559942+00:00,4.367137619,25.7418712
2025-03-03 20:27:03.088319+00:00,4.367137619,25.76734415
2025-03-03 20:27:04.781639+00:00,4.367137619,25.79556615
2025-03-03 20:27:06.542317+00:00,4.367137619,25.82491078
2025-03-03 20:27:08.162986+00:00,4.509543715,25.85192193
2025-03-03 20:27:11.280164+00:00,4.509543715,25.9038749
2025-03-03 20:27:13.019188+00:00,4.509543715,25.93285863
2025-03-03 20:27:14.644097+00:00,4.509543715,25.95994045
2025-03-03 20:27:16.399872+00:00,4.509543715,25.98920337
2025-03-03 20:27:18.243913+00:00,4.459981278,26.01993738
2025-03-03 20:27:20.137314+00:00,4.459981278,26.05149407
2025-03-03 20:27:21.936605+00:00,4.459981278,26.08148225
2025-03-03 20:27:23.805327+00:00,4.459981278,26.11262762
2025-03-03 20:27:26.231269+00:00,4.459981278,26.15305998
2025-03-03 20:27:28.380162+00:00,4.408941443,26.18887487
2025-03-03 20:27:30.020737+00:00,4.408941443,26.21621778
2025-03-03 20:27:31.807364+00:00,4.408941443,26.2459949
2025-03-03 20:27:33.471253+00:00,4.408941443,26.27372638
2025-03-03 20:27:35.078437+00:00,4.408941443,26.30051278
2025-03-03 20:27:36.657766+00:00,4.408941443,26.32683493
2025-03-03 20:27:38.204691+00:00,4.408941443,26.35261702
2025-03-03 20:27:40.406849+00:00,4.408941443,26.38931965
2025-03-03 20:27:42.079076+00:00,4.408941443,26.4171901
2025-03-03 20:27:44.028682+00:00,4.408941443,26.44968353
2025-03-03 20:27:46.478824+00:00,4.408941443,26.49051923
2025-03-03 20:27:48.087848+00:00,4.325997979,26.5173363
2025-03-03 20:27:49.707462+00:00,4.325997979,26.54432987
2025-03-03 20:27:51.212389+00:00,4.325997979,26.56941198
2025-03-03 20:27:52.753155+00:00,4.325997979,26.59509142
2025-03-03 20:27:54.312508+00:00,4.325997979,26.62108063
2025-03-03 20:27:56.194266+00:00,4.325997979,26.65244327
2025-03-03 20:27:57.878095+00:00,4.325997979,26.68050708
2025-03-03 20:27:59.447685+00:00,4.463062808,26.70666692
2025-03-03 20:28:01.050751+00:00,4.463062808,26.73338468
2025-03-03 20:28:02.647353+00:00,4.463062808,26.75999472
2025-03-03 20:28:04.226925+00:00,4.463062808,26.78632092
2025-03-03 20:28:05.799182+00:00,4.463062808,26.8125252
2025-03-03 20:28:07.341449+00:00,4.463062808,26.83822965
2025-03-03 20:28:09.051567+00:00,4.383041973,26.86673162
2025-03-03 20:28:13.655386+00:00,4.383041973,26.94346193
2025-03-03 20:28:15.345482+00:00,4.383041973,26.9716302
2025-03-03 20:28:16.992259+00:00,4.383041973,26.99907648
2025-03-03 20:28:18.598239+00:00,4.39900731,27.02584282
2025-03-03 20:28:20.196551+00:00,4.39900731,27.05248135
2025-03-03 20:28:21.880300+00:00,4.39900731,27.08054383
2025-03-03 20:28:24.037440+00:00,4.39900731,27.11649617
2025-03-03 20:28:25.720649+00:00,4.39900731,27.14454965
2025-03-03 20:28:27.534900+00:00,4.39900731,27.17478717
2025-03-03 20:28:29.126005+00:00,4.436716444,27.20130558
2025-03-03 20:28:30.749653+00:00,4.436716444,27.22836638
2025-03-03 20:28:32.348728+00:00,4.436716444,27.25501763
2025-03-03 20:28:33.915716+00:00,4.436716444,27.2811341
2025-03-03 20:28:35.513428+00:00,4.436716444,27.30776263
2025-03-03 20:28:37.098708+00:00,4.436716444,27.33418397
2025-03-03 20:28:38.813410+00:00,4.684800739,27.36276233
2025-03-03 20:28:40.350379+00:00,4.684800739,27.38837848
2025-03-03 20:28:42.169128+00:00,4.684800739,27.41869097
2025-03-03 20:28:43.742232+00:00,4.684800739,27.44490937
2025-03-03 20:28:45.337721+00:00,4.684800739,27.47150085
2025-03-03 20:28:46.970901+00:00,4.684800739,27.49872052
2025-03-03 20:28:48.536324+00:00,4.684800739,27.5248109
2025-03-03 20:28:50.199859+00:00,4.684800739,27.55253648
2025-03-03 20:28:55.997597+00:00,4.684800739,27.64916545
2025-03-03 20:28:57.648146+00:00,4.684800739,27.6766746
2025-03-03 20:28:59.311594+00:00,4.621960907,27.70439873
2025-03-03 20:29:01.079101+00:00,4.621960907,27.73385718
2025-03-03 20:29:02.770044+00:00,4.621960907,27.76203957
2025-03-03 20:29:04.333901+00:00,4.621960907,27.78810385
2025-03-03 20:29:05.953175+00:00,4.621960907,27.81509175
2025-03-03 20:29:07.513651+00:00,4.621960907,27.84109968
2025-03-03 20:29:09.092006+00:00,4.523572043,27.8674056
2025-03-03 20:29:10.832891+00:00,4.523572043,27.89642035
2025-03-03 20:29:12.547969+00:00,4.523572043,27.92500498
2025-03-03 20:29:14.044686+00:00,4.523572043,27.94995027
2025-03-03 20:29:15.630683+00:00,4.523572043,27.97638355
2025-03-03 20:29:17.202636+00:00,4.523572043,28.00258277
2025-03-03 20:29:19.778789+00:00,4.320762234,28.04551865
2025-03-03 20:29:21.355436+00:00,4.320762234,28.0717961
2025-03-03 20:29:24.515957+00:00,4.320762234,28.12447145
2025-03-03 20:29:26.521487+00:00,4.320762234,28.15789695
2025-03-03 20:29:28.207614+00:00,4.320762234,28.18599907
2025-03-03 20:29:29.724623+00:00,3.917057777,28.21128255
2025-03-03 20:29:31.242369+00:00,3.917057777,28.23657832
2025-03-03 20:29:33.030723+00:00,3.917057777,28.26638422
2025-03-03 20:29:34.623976+00:00,3.917057777,28.29293843
2025-03-03 20:29:36.148105+00:00,3.917057777,28.31834058
2025-03-03 20:29:37.748879+00:00,3.917057777,28.34502015
2025-03-03 20:29:39.333644+00:00,4.302565986,28.3714329
2025-03-03 20:29:40.970271+00:00,4.302565986,28.39871002
2025-03-03 20:29:42.902218+00:00,4.302565986,28.43090913
2025-03-03 20:29:44.550564+00:00,4.302565986,28.45838157
2025-03-03 20:29:46.043533+00:00,4.302565986,28.48326438
2025-03-03 20:29:47.615594+00:00,4.302565986,28.5094654
2025-03-03 20:29:49.228620+00:00,4.302565986,28.53634917
2025-03-03 20:29:50.789861+00:00,4.302565986,28.56236985
2025-03-03 20:29:52.405965+00:00,4.302565986,28.58930492
2025-03-03 20:29:53.918868+00:00,4.302565986,28.61451997
2025-03-03 20:29:55.516260+00:00,4.302565986,28.64114317
2025-03-03 20:29:57.217996+00:00,4.302565986,28.66950543
2025-03-03 20:29:58.812624+00:00,4.302565986,28.69608257
2025-03-03 20:30:00.486959+00:00,3.887466308,28.72398815
2025-03-03 20:30:02.921644+00:00,3.887466308,28.76456623
2025-03-03 20:30:04.782403+00:00,3.887466308,28.79557888
2025-03-03 20:30:06.393356+00:00,3.887466308,28.8224281
2025-03-03 20:30:08.032586+00:00,3.887466308,28.8497486
2025-03-03 20:30:09.754907+00:00,3.833674425,28.87845395
2025-03-03 20:30:11.370922+00:00,3.833674425,28.90538753
2025-03-03 20:30:12.893277+00:00,3.833674425,28.93076012
2025-03-03 20:30:14.511274+00:00,3.833674425,28.95772673
2025-03-03 20:30:16.191951+00:00,3.833674425,28.98573802
2025-03-03 20:30:17.790933+00:00,3.833674425,29.01238772
2025-03-03 20:30:19.473773+00:00,4.312502807,29.04043505
2025-03-03 20:30:21.091420+00:00,4.312502807,29.06739583
2025-03-03 20:30:22.695376+00:00,4.312502807,29.09412843
2025-03-03 20:30:24.313972+00:00,4.312502807,29.12110503
2025-03-03 20:30:25.910142+00:00,4.312502807,29.14770787
2025-03-03 20:30:27.512037+00:00,4.312502807,29.17440612
2025-03-03 20:30:29.393493+00:00,4.270147262,29.20576372
2025-03-03 20:30:31.056435+00:00,4.270147262,29.23347942
2025-03-03 20:30:32.606021+00:00,4.270147262,29.25930585
2025-03-03 20:30:34.217664+00:00,4.270147262,29.28616657
2025-03-03 20:30:35.896095+00:00,4.270147262,29.31414042
2025-03-03 20:30:37.487054+00:00,4.270147262,29.3406564
2025-03-03 20:30:39.110909+00:00,4.270147262,29.36772065
2025-03-03 20:30:43.731319+00:00,4.041152127,29.44472748
2025-03-03 20:30:45.328727+00:00,4.041152127,29.47135095
2025-03-03 20:30:47.005911+00:00,4.041152127,29.49930402
2025-03-03 20:30:48.512385+00:00,4.041152127,29.52441192
2025-03-03 20:30:50.092439+00:00,4.041152127,29.55074615
2025-03-03 20:30:51.682900+00:00,4.041152127,29.57725383
2025-03-03 20:30:53.231658+00:00,4.041152127,29.60306647
2025-03-03 20:30:54.790374+00:00,4.041152127,29.62904507
2025-03-03 20:30:56.330391+00:00,4.041152127,29.65471202
2025-03-03 20:30:57.926296+00:00,4.041152127,29.68131043
2025-03-03 20:30:59.478790+00:00,4.041152127,29.70718533
2025-03-03 20:31:00.978247+00:00,4.361465923,29.73217628
2025-03-03 20:31:02.572731+00:00,4.361465923,29.75875102
2025-03-03 20:31:04.085996+00:00,4.361465923,29.7839721
2025-03-03 20:31:05.710482+00:00,4.361465923,29.81104687
2025-03-03 20:31:07.308099+00:00,4.361465923,29.83767382
2025-03-03 20:31:08.991402+00:00,4.361465923,29.86572887
2025-03-03 20:31:10.549415+00:00,4.355407363,29.89169575
2025-03-03 20:31:12.117938+00:00,4.355407363,29.9178378
2025-03-03 20:31:13.710949+00:00,4.355407363,29.94438798
2025-03-03 20:31:15.254204+00:00,4.355407363,29.9701089
2025-03-03 20:31:16.897582+00:00,4.355407363,29.99749853
2025-03-03 20:31:18.543231+00:00,4.355407363,30.02492602
2025-03-03 20:31:20.055058+00:00,3.898373558,30.05012313
2025-03-03 20:31:21.627042+00:00,3.898373558,30.07632287
2025-03-03 20:31:23.209299+00:00,3.898373558,30.10269382
2025-03-03 20:31:24.799334+00:00,3.898373558,30.1291944
2025-03-03 20:31:26.391278+00:00,3.898373558,30.1557268
2025-03-03 20:31:28.070103+00:00,3.898373558,30.18370722
2025-03-03 20:31:29.707459+00:00,3.898373558,30.21099648
2025-03-03 20:31:31.310524+00:00,4.140756908,30.23771423
2025-03-03 20:31:32.905609+00:00,4.140756908,30.26429898
2025-03-03 20:31:34.487347+00:00,4.140756908,30.29066128
2025-03-03 20:31:36.056915+00:00,4.140756908,30.31682075
2025-03-03 20:31:37.592464+00:00,4.140756908,30.34241323
2025-03-03 20:31:39.109512+00:00,4.140756908,30.36769737
2025-03-03 20:31:40.732079+00:00,4.048988419,30.39474015
2025-03-03 20:31:42.251994+00:00,4.048988419,30.42007207
2025-03-03 20:31:43.807011+00:00,4.048988419,30.44598902
2025-03-03 20:31:45.388997+00:00,4.048988419,30.47235545
2025-03-03 20:31:46.962214+00:00,4.048988419,30.49857573
2025-03-03 20:31:48.530794+00:00,4.048988419,30.52471873
2025-03-03 20:31:50.124406+00:00,3.710377788,30.55127893
2025-03-03 20:31:51.720210+00:00,3.710377788,30.57787567
2025-03-03 20:31:53.251314+00:00,3.710377788,30.60339407
2025-03-03 20:31:54.805957+00:00,3.710377788,30.62930478
2025-03-03 20:31:56.320799+00:00,3.710377788,30.65455215
2025-03-03 20:31:57.937545+00:00,3.710377788,30.68149792
2025-03-03 20:32:00.776164+00:00,3.710377788,30.72880823
2025-03-03 20:32:02.528475+00:00,3.710377788,30.75801342
2025-03-03 20:32:04.118536+00:00,3.710377788,30.78451443
2025-03-03 20:32:05.815427+00:00,3.710377788,30.81279595
2025-03-03 20:32:07.361163+00:00,3.710377788,30.83855822
2025-03-03 20:32:08.949733+00:00,3.710377788,30.86503438
2025-03-03 20:32:10.438878+00:00,4.173722289,30.88985347
2025-03-03 20:32:12.118488+00:00,4.173722289,30.91784697
2025-03-03 20:32:13.721022+00:00,4.173722289,30.94455587
2025-03-03 20:32:15.222149+00:00,4.173722289,30.96957465
2025-03-03 20:32:16.912709+00:00,4.173722289,30.99775065
2025-03-03 20:32:18.432997+00:00,4.173722289,31.02308878
2025-03-03 20:32:20.123903+00:00,4.173722289,31.05127055
2025-03-03 20:32:21.657922+00:00,3.998876367,31.07683753
2025-03-03 20:32:23.294186+00:00,3.998876367,31.1041086
2025-03-03 20:32:24.897359+00:00,3.998876367,31.13082815
2025-03-03 20:32:26.431693+00:00,3.998876367,31.15640038
2025-03-03 20:32:28.119649+00:00,3.998876367,31.18453298
2025-03-03 20:32:29.718870+00:00,3.998876367,31.21118667
2025-03-03 20:32:31.398339+00:00,4.206083755,31.23917782
2025-03-03 20:32:33.033649+00:00,4.206083755,31.26643298
2025-03-03 20:32:34.552426+00:00,4.206083755,31.29174593
2025-03-03 20:32:36.153912+00:00,4.206083755,31.31843737
2025-03-03 20:32:37.738560+00:00,4.206083755,31.34484817
2025-03-03 20:32:39.641604+00:00,4.206083755,31.37656557
2025-03-03 20:32:41.209438+00:00,4.316381806,31.40269613
2025-03-03 20:32:42.730421+00:00,4.316381806,31.42804585
2025-03-03 20:32:44.289897+00:00,4.316381806,31.45403712
2025-03-03 20:32:45.760414+00:00,4.316381806,31.47854573
2025-03-03 20:32:47.227049+00:00,4.316381806,31.50298965
2025-03-03 20:32:48.739095+00:00,4.316381806,31.52819042
2025-03-03 20:32:50.334505+00:00,4.316381806,31.55478058
2025-03-03 20:32:51.948644+00:00,4.422600514,31.5816829
2025-03-03 20:32:53.496167+00:00,4.422600514,31.60747495
2025-03-03 20:32:55.009970+00:00,4.422600514,31.632705
2025-03-03 20:32:56.592137+00:00,4.422600514,31.65907445
2025-03-03 20:32:58.186473+00:00,4.422600514,31.68564672
2025-03-03 20:32:59.798499+00:00,4.422600514,31.71251382
2025-03-03 20:33:01.266333+00:00,4.422600514,31.73697772
2025-03-03 20:33:02.958089+00:00,4.422600514,31.76517365
2025-03-03 20:33:04.461526+00:00,4.422600514,31.79023093
2025-03-03 20:33:06.009846+00:00,4.422600514,31.81603627
2025-03-03 20:33:07.597531+00:00,4.422600514,31.84249768
2025-03-03 20:33:09.189376+00:00,4.422600514,31.86902843
2025-03-03 20:33:10.686856+00:00,4.422600514,31.89398643
2025-03-03 20:33:12.234080+00:00,4.250900182,31.9197735
2025-03-03 20:33:13.835296+00:00,4.250900182,31.94646043
2025-03-03 20:33:15.400523+00:00,4.250900182,31.97254755
2025-03-03 20:33:16.898985+00:00,4.250900182,31.99752192
2025-03-03 20:33:18.505077+00:00,4.250900182,32.02429012
2025-03-03 20:33:20.086998+00:00,4.250900182,32.05065547
2025-03-03 20:33:21.694986+00:00,4.419172215,32.07745527
2025-03-03 20:33:23.385738+00:00,4.419172215,32.10563447
2025-03-03 20:33:25.091189+00:00,4.419172215,32.13405865
2025-03-03 20:33:26.655476+00:00,4.419172215,32.1601301
2025-03-03 20:33:28.240246+00:00,4.419172215,32.18654293
2025-03-03 20:33:29.790120+00:00,4.419172215,32.21237417
2025-03-03 20:33:31.398375+00:00,4.31230938,32.23917842
2025-03-03 20:33:32.987060+00:00,4.31230938,32.2656565
2025-03-03 20:33:34.607575+00:00,4.31230938,32.29266508
2025-03-03 20:33:36.253629+00:00,4.31230938,32.32009932
2025-03-03 20:33:37.856208+00:00,4.31230938,32.34680897
2025-03-03 20:33:39.432275+00:00,4.31230938,32.37307675
2025-03-03 20:33:41.009268+00:00,4.31230938,32.39935997
2025-03-03 20:33:42.598233+00:00,4.334792749,32.42584272
2025-03-03 20:33:44.191656+00:00,4.334792749,32.45239977
2025-03-03 20:33:45.784101+00:00,4.334792749,32.47894052
2025-03-03 20:33:47.349480+00:00,4.334792749,32.50503017
2025-03-03 20:33:48.928230+00:00,4.334792749,32.53134267
2025-03-03 20:33:50.472381+00:00,4.334792749,32.55707852
2025-03-03 20:33:52.080187+00:00,4.247645068,32.58387528
2025-03-03 20:33:53.775736+00:00,4.247645068,32.61213443
2025-03-03 20:33:55.353936+00:00,4.247645068,32.63843777
2025-03-03 20:33:56.952289+00:00,4.247645068,32.66507698
2025-03-03 20:33:58.496837+00:00,4.247645068,32.69081945
2025-03-03 20:34:00.078408+00:00,4.247645068,32.71717897
2025-03-03 20:34:01.959807+00:00,4.247645068,32.74853562
2025-03-03 20:34:03.552420+00:00,4.247645068,32.77507917
2025-03-03 20:34:05.176290+00:00,4.247645068,32.80214367
2025-03-03 20:34:06.776924+00:00,4.247645068,32.8288209
2025-03-03 20:34:08.279041+00:00,4.247645068,32.85385618
2025-03-03 20:34:09.843348+00:00,4.247645068,32.87992797
2025-03-03 20:34:11.472137+00:00,3.968954458,32.90707445
2025-03-03 20:34:13.049058+00:00,3.968954458,32.93335647
2025-03-03 20:34:14.574448+00:00,3.968954458,32.95877963
2025-03-03 20:34:16.188900+00:00,3.968954458,32.98568717
2025-03-03 20:34:17.783057+00:00,3.968954458,33.01225645
2025-03-03 20:34:19.461208+00:00,3.968954458,33.04022563
2025-03-03 20:34:20.989277+00:00,3.968954458,33.06569345
2025-03-03 20:34:22.493734+00:00,4.305975414,33.09076773
2025-03-03 20:34:24.088941+00:00,4.305975414,33.11735452
2025-03-03 20:34:25.678500+00:00,4.305975414,33.14384717
2025-03-03 20:34:27.277572+00:00,4.305975414,33.17049837
2025-03-03 20:34:28.792716+00:00,4.305975414,33.19575077
2025-03-03 20:34:30.349605+00:00,4.305975414,33.22169892
2025-03-03 20:34:31.881300+00:00,4.35292774,33.24722717
2025-03-03 20:34:33.482382+00:00,4.35292774,33.27391187
2025-03-03 20:34:35.016461+00:00,4.35292774,33.29947985
2025-03-03 20:34:36.576585+00:00,4.35292774,33.32548192
2025-03-03 20:34:38.118681+00:00,4.35292774,33.35118352
2025-03-03 20:34:39.918728+00:00,4.35292774,33.3811843
2025-03-03 20:34:41.826522+00:00,4.362354307,33.41298087
2025-03-03 20:34:44.421928+00:00,4.362354307,33.45623763
2025-03-03 20:34:45.990030+00:00,4.362354307,33.48237267
2025-03-03 20:34:47.571776+00:00,4.362354307,33.5087351
2025-03-03 20:34:49.071125+00:00,4.362354307,33.53372425
2025-03-03 20:34:50.675777+00:00,4.362354307,33.56046845
2025-03-03 20:34:52.236397+00:00,3.881971381,33.58647878
2025-03-03 20:34:53.929371+00:00,3.881971381,33.61469502
2025-03-03 20:34:55.530358+00:00,3.881971381,33.64137813
2025-03-03 20:34:57.129852+00:00,3.881971381,33.66803637
2025-03-03 20:34:58.917393+00:00,3.881971381,33.69782872
2025-03-03 20:35:00.406159+00:00,3.881971381,33.72264148
2025-03-03 20:35:01.994695+00:00,3.881971381,33.74911708
2025-03-03 20:35:03.666458+00:00,3.881971381,33.7769798
2025-03-03 20:35:05.238306+00:00,3.881971381,33.80317727
2025-03-03 20:35:06.827111+00:00,3.881971381,33.82965735
2025-03-03 20:35:08.501998+00:00,3.881971381,33.85757213
2025-03-03 20:35:10.074798+00:00,3.881971381,33.88378547
2025-03-03 20:35:11.608590+00:00,3.881971381,33.90934867
2025-03-03 20:35:13.243860+00:00,4.025210283,33.93660317
2025-03-03 20:35:14.815027+00:00,4.025210283,33.96278928
2025-03-03 20:35:16.427290+00:00,4.025210283,33.98966033
2025-03-03 20:35:17.977259+00:00,4.025210283,34.01549315
2025-03-03 20:35:19.570919+00:00,4.025210283,34.04205415
2025-03-03 20:35:21.169523+00:00,4.025210283,34.06869755
2025-03-03 20:35:22.933026+00:00,3.715622411,34.09808927
2025-03-03 20:35:24.516183+00:00,3.715622411,34.12447522
2025-03-03 20:35:26.103140+00:00,3.715622411,34.1509245
2025-03-03 20:35:27.701285+00:00,3.715622411,34.17756025
2025-03-03 20:35:29.165126+00:00,3.715622411,34.2019576
2025-03-03 20:35:30.681390+00:00,3.715622411,34.22722867
2025-03-03 20:35:32.192006+00:00,3.715622411,34.2524056
2025-03-03 20:35:33.692793+00:00,3.370845861,34.27741872
2025-03-03 20:35:35.174115+00:00,3.370845861,34.30210742
2025-03-03 20:35:36.676092+00:00,3.370845861,34.32714037
2025-03-03 20:35:38.208442+00:00,3.370845861,34.35267953
2025-03-03 20:35:39.765226+00:00,3.370845861,34.37862593
2025-03-03 20:35:41.266258+00:00,3.370845861,34.40364313
2025-03-03 20:35:42.773259+00:00,3.792123595,34.42875982
2025-03-03 20:35:44.355873+00:00,3.792123595,34.45513672
2025-03-03 20:35:45.863042+00:00,3.792123595,34.4802562
2025-03-03 20:35:47.519725+00:00,3.792123595,34.50786758
2025-03-03 20:35:49.134052+00:00,3.792123595,34.53477303
2025-03-03 20:35:50.610580+00:00,3.792123595,34.55938183
2025-03-03 20:35:52.102060+00:00,3.792123595,34.58423983
2025-03-03 20:35:53.631468+00:00,3.970646034,34.60972997
2025-03-03 20:35:55.123640+00:00,3.970646034,34.6345995
2025-03-03 20:35:56.740841+00:00,3.970646034,34.66155285
2025-03-03 20:35:58.236388+00:00,3.970646034,34.68647863
2025-03-03 20:36:00.174468+00:00,3.970646034,34.71877997
2025-03-03 20:36:01.676345+00:00,3.970646034,34.74381125
2025-03-03 20:36:03.157421+00:00,4.464346232,34.76849585
2025-03-03 20:36:04.649206+00:00,4.464346232,34.79335893
2025-03-03 20:36:06.119401+00:00,4.464346232,34.81786218
2025-03-03 20:36:07.633452+00:00,4.464346232,34.84309637
2025-03-03 20:36:09.138936+00:00,4.464346232,34.86818777
2025-03-03 20:36:10.674028+00:00,4.464346232,34.89377263
2025-03-03 20:36:12.221492+00:00,4.464346232,34.9195637
2025-03-03 20:36:13.893103+00:00,4.464346232,34.94742388
2025-03-03 20:36:15.441804+00:00,4.464346232,34.97323557
2025-03-03 20:36:16.992017+00:00,4.464346232,34.99907245
2025-03-03 20:36:18.509216+00:00,4.464346232,35.0243591
2025-03-03 20:36:20.066201+00:00,4.464346232,35.05030885
2025-03-03 20:36:21.634255+00:00,4.464346232,35.07644308
2025-03-03 20:36:23.131723+00:00,4.560536989,35.10140088
2025-03-03 20:36:24.713222+00:00,4.560536989,35.1277592
2025-03-03 20:36:26.197509+00:00,4.560536989,35.15249732
2025-03-03 20:36:27.749985+00:00,4.560536989,35.17837192
2025-03-03 20:36:29.275915+00:00,4.560536989,35.20380408
2025-03-03 20:36:30.758238+00:00,4.560536989,35.22850947
2025-03-03 20:36:32.316126+00:00,4.560536989,35.25447427
2025-03-03 20:36:33.798880+00:00,4.673037455,35.27918683
2025-03-03 20:36:35.343665+00:00,4.673037455,35.30493325
2025-03-03 20:36:36.874172+00:00,4.673037455,35.3304417
2025-03-03 20:36:38.374775+00:00,4.673037455,35.35545175
2025-03-03 20:36:39.904179+00:00,4.673037455,35.38094182
2025-03-03 20:36:41.396617+00:00,4.673037455,35.40581578
2025-03-03 20:36:42.890913+00:00,4.379651054,35.43072072
2025-03-03 20:36:44.368717+00:00,4.379651054,35.45535078
2025-03-03 20:36:45.898495+00:00,4.379651054,35.48084708
2025-03-03 20:36:47.428312+00:00,4.379651054,35.50634403
2025-03-03 20:36:48.936749+00:00,4.379651054,35.53148465
2025-03-03 20:36:50.407993+00:00,4.379651054,35.55600538
2025-03-03 20:36:51.874450+00:00,4.379651054,35.58044633
2025-03-03 20:36:53.366777+00:00,4.43298246,35.60531845
2025-03-03 20:36:54.878867+00:00,4.43298246,35.63051995
2025-03-03 20:36:56.368348+00:00,4.43298246,35.65534463
2025-03-03 20:36:57.884066+00:00,4.43298246,35.6806066
2025-03-03 20:36:59.433994+00:00,4.43298246,35.70643873
2025-03-03 20:37:02.001772+00:00,4.43298246,35.74923503
2025-03-03 20:37:03.534108+00:00,4.656942244,35.77477397
2025-03-03 20:37:05.044841+00:00,4.656942244,35.79995285
2025-03-03 20:37:06.619903+00:00,4.656942244,35.82620388
2025-03-03 20:37:08.104023+00:00,4.656942244,35.85093922
2025-03-03 20:37:09.680295+00:00,4.656942244,35.87721042
2025-03-03 20:37:11.155038+00:00,4.656942244,35.90178947
2025-03-03 20:37:12.644445+00:00,4.656942244,35.92661292
2025-03-03 20:37:14.121355+00:00,4.656942244,35.95122808
2025-03-03 20:37:15.675568+00:00,4.656942244,35.97713163
2025-03-03 20:37:17.233587+00:00,4.656942244,36.00309862
2025-03-03 20:37:18.758607+00:00,4.656942244,36.02851562
2025-03-03 20:37:20.339185+00:00,4.656942244,36.05485858
2025-03-03 20:37:21.908321+00:00,4.656942244,36.08101085
2025-03-03 20:37:23.419372+00:00,4.642173981,36.10619503
2025-03-03 20:37:24.923301+00:00,4.642173981,36.13126052
2025-03-03 20:37:26.435391+00:00,4.642173981,36.15646202
2025-03-03 20:37:27.954502+00:00,4.642173981,36.18178053
2025-03-03 20:37:29.426402+00:00,4.642173981,36.2063122
2025-03-03 20:37:30.917442+00:00,4.642173981,36.23116287
2025-03-03 20:37:32.462920+00:00,4.642173981,36.25692083
2025-03-03 20:37:33.955902+00:00,4.503845385,36.28180387
2025-03-03 20:37:35.577174+00:00,4.503845385,36.30882507
2025-03-03 20:37:37.152190+00:00,4.503845385,36.33507533
2025-03-03 20:37:38.712957+00:00,4.503845385,36.36108812
2025-03-03 20:37:40.218330+00:00,4.503845385,36.38617767
2025-03-03 20:37:41.807525+00:00,4.503845385,36.41266425
2025-03-03 20:37:43.347385+00:00,4.397239803,36.43832858
2025-03-03 20:37:44.845945+00:00,4.397239803,36.46330458
2025-03-03 20:37:46.339790+00:00,4.397239803,36.488202
2025-03-03 20:37:47.954056+00:00,4.397239803,36.51510643
2025-03-03 20:37:49.492929+00:00,4.397239803,36.54075432
2025-03-03 20:37:50.983778+00:00,4.397239803,36.5656018
2025-03-03 20:37:52.515186+00:00,4.397239803,36.59112527
2025-03-03 20:37:54.017227+00:00,4.46996227,36.61615928
2025-03-03 20:37:55.539752+00:00,4.46996227,36.6415347
2025-03-03 20:37:57.045874+00:00,4.46996227,36.66663673
2025-03-03 20:37:58.559962+00:00,4.46996227,36.69187153
2025-03-03 20:38:00.044679+00:00,4.46996227,36.71661682
2025-03-03 20:38:01.522765+00:00,4.46996227,36.74125158
2025-03-03 20:38:03.090662+00:00,4.46996227,36.7673832
2025-03-03 20:38:04.620346+00:00,4.519569061,36.79287793
2025-03-03 20:38:06.194590+00:00,4.519569061,36.81911533
2025-03-03 20:38:07.722906+00:00,4.519569061,36.84458727
2025-03-03 20:38:09.204783+00:00,4.519569061,36.86928522
2025-03-03 20:38:10.699701+00:00,4.519569061,36.89420052
2025-03-03 20:38:12.193758+00:00,4.519569061,36.91910147
2025-03-03 20:38:13.732130+00:00,4.519569061,36.944741
2025-03-03 20:38:15.276132+00:00,4.519569061,36.97047437
2025-03-03 20:38:16.756588+00:00,4.519569061,36.99514863
2025-03-03 20:38:18.282980+00:00,4.519569061,37.0205885
2025-03-03 20:38:19.795729+00:00,4.519569061,37.04580098
2025-03-03 20:38:21.294012+00:00,4.519569061,37.07077237
2025-03-03 20:38:22.773790+00:00,4.519569061,37.09543533
2025-03-03 20:38:24.385019+00:00,4.466192019,37.12228915
2025-03-03 20:38:25.962265+00:00,4.466192019,37.14857658
2025-03-03 20:38:27.488251+00:00,4.466192019,37.17400968
2025-03-03 20:38:28.988142+00:00,4.466192019,37.19900787
2025-03-03 20:38:30.492981+00:00,4.466192019,37.22408852
2025-03-03 20:38:31.992042+00:00,4.466192019,37.24907287
2025-03-03 20:38:33.484505+00:00,4.466192019,37.27394725
2025-03-03 20:38:35.005278+00:00,4.493848664,37.29929347
2025-03-03 20:38:38.641654+00:00,4.493848664,37.35989973
2025-03-03 20:38:40.131781+00:00,4.493848664,37.38473518
2025-03-03 20:38:41.654520+00:00,4.493848664,37.41011417
2025-03-03 20:38:43.116962+00:00,4.493848664,37.4344882
2025-03-03 20:38:44.596369+00:00,4.137760559,37.45914498
2025-03-03 20:38:46.080472+00:00,4.137760559,37.48388003
2025-03-03 20:38:47.597265+00:00,4.137760559,37.50915992
2025-03-03 20:38:49.082042+00:00,4.137760559,37.5339062
2025-03-03 20:38:50.563142+00:00,4.137760559,37.5585912
2025-03-03 20:38:52.044509+00:00,4.137760559,37.58328065
2025-03-03 20:38:53.506835+00:00,4.137760559,37.60765275
2025-03-03 20:38:55.076557+00:00,4.137760559,37.63381478
2025-03-03 20:38:56.567132+00:00,4.137760559,37.6586577
2025-03-03 20:38:58.068976+00:00,4.137760559,37.68368843
2025-03-03 20:38:59.596875+00:00,4.137760559,37.70915342
2025-03-03 20:39:01.136332+00:00,4.137760559,37.73481103
2025-03-03 20:39:02.709288+00:00,4.137760559,37.76102697
2025-03-03 20:39:05.293300+00:00,4.137760559,37.80409383
2025-03-03 20:39:06.806580+00:00,4.137760559,37.82931517
2025-03-03 20:39:08.308338+00:00,4.137760559,37.85434447
2025-03-03 20:39:09.796531+00:00,4.137760559,37.87914768
2025-03-03 20:39:11.311875+00:00,4.137760559,37.90440342
2025-03-03 20:39:12.805882+00:00,4.126925006,37.92930353
2025-03-03 20:39:14.316645+00:00,4.126925006,37.95448292
2025-03-03 20:39:15.836005+00:00,4.126925006,37.97980558
2025-03-03 20:39:17.335006+00:00,4.126925006,38.00478893
2025-03-03 20:39:18.836661+00:00,4.126925006,38.02981652
2025-03-03 20:39:20.364873+00:00,4.126925006,38.05528672
2025-03-03 20:39:21.887969+00:00,4.126925006,38.08067165
2025-03-03 20:39:23.443471+00:00,4.578082138,38.10659668
2025-03-03 20:39:24.945924+00:00,4.578082138,38.13163757
2025-03-03 20:39:26.515880+00:00,4.578082138,38.1578035
2025-03-03 20:39:28.035196+00:00,4.578082138,38.18312543
2025-03-03 20:39:29.553110+00:00,4.578082138,38.208424
2025-03-03 20:39:31.034214+00:00,4.578082138,38.23310907
2025-03-03 20:39:32.518609+00:00,4.578082138,38.25784898
2025-03-03 20:39:34.002652+00:00,4.359038712,38.28258303
2025-03-03 20:39:35.517072+00:00,4.359038712,38.30782337
2025-03-03 20:39:37.016343+00:00,4.359038712,38.33281122
2025-03-03 20:39:38.566115+00:00,4.359038712,38.35864075
2025-03-03 20:39:40.041348+00:00,4.359038712,38.38322797
2025-03-03 20:39:41.552915+00:00,4.359038712,38.40842075
2025-03-03 20:39:43.027209+00:00,4.391073136,38.43299232
2025-03-03 20:39:44.514490+00:00,4.391073136,38.45778033
2025-03-03 20:39:46.054509+00:00,4.391073136,38.48344732
2025-03-03 20:39:47.570089+00:00,4.391073136,38.50870698
2025-03-03 20:39:49.104698+00:00,4.391073136,38.5342838
2025-03-03 20:39:50.599518+00:00,4.391073136,38.55919747
2025-03-03 20:39:52.194369+00:00,4.391073136,38.58577832
2025-03-03 20:39:53.756724+00:00,4.487282954,38.61181757
2025-03-03 20:39:55.278532+00:00,4.487282954,38.63718103
2025-03-03 20:39:56.783994+00:00,4.487282954,38.66227207
2025-03-03 20:39:58.843999+00:00,4.487282954,38.69660548
2025-03-03 20:40:01.225442+00:00,4.487282954,38.7362962
2025-03-03 20:40:02.732143+00:00,4.487282954,38.76140788
2025-03-03 20:40:04.239157+00:00,4.256480727,38.78652478
2025-03-03 20:40:05.724356+00:00,4.256480727,38.8112781
2025-03-03 20:40:07.333578+00:00,4.256480727,38.83809847
2025-03-03 20:40:08.943017+00:00,4.256480727,38.86492245
2025-03-03 20:40:10.449760+00:00,4.256480727,38.89003483
2025-03-03 20:40:11.968128+00:00,4.256480727,38.91534097
2025-03-03 20:40:13.471796+00:00,4.256480727,38.9404021
2025-03-03 20:40:14.933906+00:00,4.256480727,38.9647706
2025-03-03 20:40:16.457034+00:00,4.256480727,38.99015607
2025-03-03 20:40:17.985696+00:00,4.256480727,39.01563377
2025-03-03 20:40:19.475410+00:00,4.256480727,39.04046233
2025-03-03 20:40:20.966348+00:00,4.256480727,39.0653113
2025-03-03 20:40:22.709250+00:00,4.256480727,39.09435967
2025-03-03 20:40:24.289744+00:00,4.218513156,39.12070123
2025-03-03 20:40:25.806235+00:00,4.218513156,39.14597608
2025-03-03 20:40:27.319623+00:00,4.218513156,39.17119922
2025-03-03 20:40:28.876064+00:00,4.218513156,39.1971399
2025-03-03 20:40:30.396393+00:00,4.218513156,39.22247872
2025-03-03 20:40:31.928326+00:00,4.218513156,39.24801093
2025-03-03 20:40:33.436575+00:00,4.218513156,39.27314842
2025-03-03 20:40:35.007639+00:00,4.714382005,39.29933282
2025-03-03 20:40:36.505820+00:00,4.714382005,39.3243025
2025-03-03 20:40:38.039183+00:00,4.714382005,39.34985855
2025-03-03 20:40:39.606654+00:00,4.714382005,39.37598307
2025-03-03 20:40:41.114864+00:00,4.714382005,39.4011199
2025-03-03 20:40:42.637292+00:00,4.714382005,39.4264937
2025-03-03 20:40:44.172508+00:00,4.540116315,39.45208063
2025-03-03 20:40:45.685352+00:00,4.540116315,39.4772947
2025-03-03 20:40:47.166570+00:00,4.540116315,39.50198167
2025-03-03 20:40:48.667392+00:00,4.540116315,39.52699537
2025-03-03 20:40:50.206514+00:00,4.540116315,39.5526474
2025-03-03 20:40:51.774350+00:00,4.540116315,39.578778
2025-03-03 20:40:53.434110+00:00,4.540116315,39.60644067
2025-03-03 20:40:54.956734+00:00,4.645161258,39.63181773
2025-03-03 20:40:56.508549+00:00,4.645161258,39.65768132
2025-03-03 20:40:58.037759+00:00,4.645161258,39.68316815
2025-03-03 20:40:59.556451+00:00,4.645161258,39.70847968
2025-03-03 20:41:01.105901+00:00,4.645161258,39.73430385
2025-03-03 20:41:02.607332+00:00,4.645161258,39.7593277
2025-03-03 20:41:04.095653+00:00,4.63803496,39.78413305
2025-03-03 20:41:05.646220+00:00,4.63803496,39.80997583
2025-03-03 20:41:07.169371+00:00,4.63803496,39.83536168
2025-03-03 20:41:08.676954+00:00,4.63803496,39.86048807
2025-03-03 20:41:10.217442+00:00,4.63803496,39.88616287
2025-03-03 20:41:11.758172+00:00,4.63803496,39.9118417
2025-03-03 20:41:13.265448+00:00,4.63803496,39.93696297
2025-03-03 20:41:14.809086+00:00,4.648054503,39.96269027
2025-03-03 20:41:16.378668+00:00,4.648054503,39.98884997
2025-03-03 20:41:17.883315+00:00,4.648054503,40.01392742
2025-03-03 20:41:19.409910+00:00,4.648054503,40.03937067
2025-03-03 20:41:20.940710+00:00,4.648054503,40.064884
2025-03-03 20:41:22.478737+00:00,4.648054503,40.09051778
2025-03-03 20:41:23.967891+00:00,4.648054503,40.11533702
2025-03-03 20:41:25.463729+00:00,4.648054503,40.14026765
2025-03-03 20:41:26.935638+00:00,4.648054503,40.16479947
2025-03-03 20:41:28.451051+00:00,4.648054503,40.19005635
2025-03-03 20:41:29.958545+00:00,4.648054503,40.21518125
2025-03-03 20:41:31.582086+00:00,4.648054503,40.24224027
2025-03-03 20:41:33.136815+00:00,4.648054503,40.26815242
2025-03-03 20:41:34.627956+00:00,4.767070461,40.29300477
2025-03-03 20:41:36.105541+00:00,4.767070461,40.31763118
2025-03-03 20:41:37.713169+00:00,4.767070461,40.34442498
2025-03-03 20:41:39.211817+00:00,4.767070461,40.36940245
2025-03-03 20:41:40.706661+00:00,4.767070461,40.39431652
2025-03-03 20:41:42.757576+00:00,4.767070461,40.42849843
2025-03-03 20:41:44.275275+00:00,4.75192432,40.45379342
2025-03-03 20:41:45.927014+00:00,4.75192432,40.4813224
2025-03-03 20:41:47.475504+00:00,4.75192432,40.50713057
2025-03-03 20:41:48.987100+00:00,4.75192432,40.53232383
2025-03-03 20:41:50.484096+00:00,4.75192432,40.55727377
2025-03-03 20:41:51.981439+00:00,4.75192432,40.58222948
2025-03-03 20:41:53.531605+00:00,4.75192432,40.60806558
2025-03-03 20:41:55.025342+00:00,4.980475413,40.6329612
2025-03-03 20:41:56.526223+00:00,4.980475413,40.65797588
2025-03-03 20:41:58.037765+00:00,4.980475413,40.68316825
2025-03-03 20:41:59.575818+00:00,4.980475413,40.70880247
2025-03-03 20:42:01.075201+00:00,4.980475413,40.73379218
2025-03-03 20:42:02.564021+00:00,4.980475413,40.75860585
2025-03-03 20:42:04.247388+00:00,4.980475413,40.78666197
2025-03-03 20:42:05.751750+00:00,4.488596468,40.81173467
2025-03-03 20:42:07.358892+00:00,4.488596468,40.83852037
2025-03-03 20:42:08.901006+00:00,4.488596468,40.86422227
2025-03-03 20:42:10.410322+00:00,4.488596468,40.88937753
2025-03-03 20:42:11.926593+00:00,4.488596468,40.91464872
2025-03-03 20:42:13.437133+00:00,4.488596468,40.93982438
2025-03-03 20:42:14.918240+00:00,5.049240636,40.9645095
2025-03-03 20:42:16.473051+00:00,5.049240636,40.99042302
2025-03-03 20:42:17.991502+00:00,5.049240636,41.01573053
2025-03-03 20:42:20.551065+00:00,5.049240636,41.05838992
2025-03-03 20:42:22.075038+00:00,5.049240636,41.08378947
2025-03-03 20:42:23.619315+00:00,5.049240636,41.10952742
2025-03-03 20:42:25.148838+00:00,5.049240636,41.13501947
2025-03-03 20:42:26.868635+00:00,5.049240636,41.16368275
2025-03-03 20:42:28.364475+00:00,5.049240636,41.18861342
2025-03-03 20:42:30.022454+00:00,5.049240636,41.2162464
2025-03-03 20:42:31.529702+00:00,5.049240636,41.2413672
2025-03-03 20:42:33.033463+00:00,5.049240636,41.26642988
2025-03-03 20:42:34.584670+00:00,5.019685403,41.29228333
2025-03-03 20:42:36.117486+00:00,5.019685403,41.31783027
2025-03-03 20:42:37.620168+00:00,5.019685403,41.34287497
2025-03-03 20:42:39.083328+00:00,5.019685403,41.36726097
2025-03-03 20:42:40.606304+00:00,5.019685403,41.3926439
2025-03-03 20:42:42.131604+00:00,5.019685403,41.41806557
2025-03-03 20:42:43.664062+00:00,5.019685403,41.44360653
2025-03-03 20:42:45.156695+00:00,4.75536683,41.46848375
2025-03-03 20:42:46.716858+00:00,4.75536683,41.49448647
2025-03-03 20:42:48.246930+00:00,4.75536683,41.51998767
2025-03-03 20:42:49.764309+00:00,4.75536683,41.54527732
2025-03-03 20:42:51.313632+00:00,4.75536683,41.57109937
2025-03-03 20:42:52.891755+00:00,4.75536683,41.59740142
2025-03-03 20:42:54.456003+00:00,4.75536683,41.62347222
2025-03-03 20:42:55.934951+00:00,4.581108188,41.64812135
2025-03-03 20:42:57.454270+00:00,4.581108188,41.67344333
2025-03-03 20:42:58.939202+00:00,4.581108188,41.6981922
2025-03-03 20:43:00.443925+00:00,4.581108188,41.72327092
2025-03-03 20:43:01.972935+00:00,4.581108188,41.74875442
2025-03-03 20:43:03.517719+00:00,4.581108188,41.77450082
2025-03-03 20:43:05.043192+00:00,4.476311139,41.79992537
2025-03-03 20:43:06.606454+00:00,4.476311139,41.82597973
2025-03-03 20:43:08.162124+00:00,4.476311139,41.85190757
2025-03-03 20:43:09.770657+00:00,4.476311139,41.87871645
2025-03-03 20:43:11.276225+00:00,4.476311139,41.90380925
2025-03-03 20:43:12.818697+00:00,4.476311139,41.92951712
2025-03-03 20:43:14.376737+00:00,4.476311139,41.95548445
2025-03-03 20:43:15.915166+00:00,4.411372888,41.98112493
2025-03-03 20:43:17.458819+00:00,4.411372888,42.00685248
2025-03-03 20:43:18.956954+00:00,4.411372888,42.0318214
2025-03-03 20:43:20.525770+00:00,4.411372888,42.05796833
2025-03-03 20:43:22.063508+00:00,4.411372888,42.0835973
2025-03-03 20:43:23.575753+00:00,4.411372888,42.10880138
2025-03-03 20:43:25.095971+00:00,4.411372888,42.13413835
2025-03-03 20:43:26.680547+00:00,4.411372888,42.16054795
2025-03-03 20:43:28.208042+00:00,4.411372888,42.1860062
2025-03-03 20:43:30.116898+00:00,4.411372888,42.21782047
2025-03-03 20:43:31.664786+00:00,4.411372888,42.2436186
2025-03-03 20:43:33.274885+00:00,4.411372888,42.27045358
2025-03-03 20:43:34.779269+00:00,4.411372888,42.29552665
2025-03-03 20:43:36.279035+00:00,4.28409433,42.32052275
2025-03-03 20:43:37.860843+00:00,4.28409433,42.34688622
2025-03-03 20:43:39.421529+00:00,4.28409433,42.37289765
2025-03-03 20:43:40.923386+00:00,4.28409433,42.3979286
2025-03-03 20:43:42.482478+00:00,4.28409433,42.42391347
2025-03-03 20:43:44.114296+00:00,4.28409433,42.45111043
2025-03-03 20:43:45.618337+00:00,4.435786583,42.47617778
2025-03-03 20:43:47.122491+00:00,4.435786583,42.50124702
2025-03-03 20:43:48.685861+00:00,4.435786583,42.52730318
2025-03-03 20:43:50.230446+00:00,4.435786583,42.55304627
2025-03-03 20:43:51.728092+00:00,4.435786583,42.57800703
2025-03-03 20:43:53.288232+00:00,4.435786583,42.60400937
2025-03-03 20:43:54.826341+00:00,4.435786583,42.62964452
2025-03-03 20:43:56.626254+00:00,4.704145664,42.65964307
2025-03-03 20:43:58.156284+00:00,4.704145664,42.68514357
2025-03-03 20:43:59.664594+00:00,4.704145664,42.71028207
2025-03-03 20:44:01.173139+00:00,4.704145664,42.73542448
2025-03-03 20:44:02.700324+00:00,4.704145664,42.76087757
2025-03-03 20:44:04.222037+00:00,4.704145664,42.78623945
2025-03-03 20:44:05.722895+00:00,4.706912126,42.81125375
2025-03-03 20:44:07.280536+00:00,4.706912126,42.83721443
2025-03-03 20:44:08.838227+00:00,4.706912126,42.86317595
2025-03-03 20:44:10.337172+00:00,4.706912126,42.88815837
2025-03-03 20:44:11.821490+00:00,4.706912126,42.912897
2025-03-03 20:44:13.358698+00:00,4.706912126,42.93851713
2025-03-03 20:44:14.863692+00:00,4.706912126,42.96360037
2025-03-03 20:44:16.375507+00:00,4.764186028,42.98879728
2025-03-03 20:44:17.923945+00:00,4.764186028,43.01460458
2025-03-03 20:44:19.496664+00:00,4.764186028,43.04081657
2025-03-03 20:44:21.000936+00:00,4.764186028,43.06588777
2025-03-03 20:44:22.526605+00:00,4.764186028,43.09131558
2025-03-03 20:44:24.065341+00:00,4.764186028,43.11696118
2025-03-03 20:44:25.541674+00:00,4.764186028,43.14156673
2025-03-03 20:44:27.035628+00:00,4.764186028,43.16646597
2025-03-03 20:44:28.540313+00:00,4.764186028,43.19154405
2025-03-03 20:44:30.086493+00:00,4.764186028,43.21731372
2025-03-03 20:44:31.599178+00:00,4.764186028,43.24252513
2025-03-03 20:44:33.105809+00:00,4.764186028,43.26763565
2025-03-03 20:44:34.609827+00:00,4.764186028,43.29270262
2025-03-03 20:44:36.134171+00:00,4.689765539,43.31810835
2025-03-03 20:44:37.693626+00:00,4.689765539,43.34409927
2025-03-03 20:44:39.197702+00:00,4.689765539,43.3691672
2025-03-03 20:44:40.688136+00:00,4.689765539,43.39400777
2025-03-03 20:44:42.230079+00:00,4.689765539,43.41970682
2025-03-03 20:44:43.719782+00:00,4.689765539,43.4445352
2025-03-03 20:44:45.312654+00:00,4.689765539,43.47108307
2025-03-03 20:44:46.834175+00:00,4.639521424,43.49644175
2025-03-03 20:44:48.424728+00:00,4.639521424,43.52295097
2025-03-03 20:44:49.999091+00:00,4.639521424,43.54919035
2025-03-03 20:44:51.523622+00:00,4.639521424,43.5745992
2025-03-03 20:44:53.079203+00:00,4.639521424,43.60052555
2025-03-03 20:44:54.620258+00:00,4.639521424,43.6262098
2025-03-03 20:44:56.130824+00:00,4.568293358,43.6513859
2025-03-03 20:44:57.656773+00:00,4.568293358,43.67681838
2025-03-03 20:44:59.162030+00:00,4.568293358,43.701906
2025-03-03 20:45:00.689398+00:00,4.568293358,43.72736213
2025-03-03 20:45:02.213942+00:00,4.568293358,43.7527712
2025-03-03 20:45:03.727213+00:00,4.568293358,43.77799238
2025-03-03 20:45:05.250126+00:00,4.568293358,43.80337427
2025-03-03 20:45:06.791662+00:00,4.315097761,43.82906653
2025-03-03 20:45:08.319463+00:00,4.315097761,43.85452988
2025-03-03 20:45:09.837687+00:00,4.315097761,43.87983362
2025-03-03 20:45:11.321308+00:00,4.315097761,43.90456063
2025-03-03 20:45:12.832336+00:00,4.315097761,43.92974443
2025-03-03 20:45:14.376601+00:00,4.315097761,43.95548218
2025-03-03 20:45:15.892849+00:00,3.959087962,43.98075298
2025-03-03 20:45:17.395823+00:00,3.959087962,44.00580255
2025-03-03 20:45:18.959764+00:00,3.959087962,44.03186823
2025-03-03 20:45:20.455475+00:00,3.959087962,44.05679675
2025-03-03 20:45:21.976107+00:00,3.959087962,44.08214062
2025-03-03 20:45:23.487423+00:00,3.959087962,44.10732922
2025-03-03 20:45:25.010159+00:00,3.959087962,44.13270815
2025-03-03 20:45:26.505404+00:00,3.841847097,44.1576289
2025-03-03 20:45:27.995202+00:00,3.841847097,44.18245887
2025-03-03 20:45:29.540659+00:00,3.841847097,44.20821648
2025-03-03 20:45:31.088337+00:00,3.841847097,44.23401112
2025-03-03 20:45:32.587315+00:00,3.841847097,44.25899408
2025-03-03 20:45:34.076164+00:00,3.841847097,44.28380823
2025-03-03 20:45:35.615652+00:00,3.841847097,44.30946637
2025-03-03 20:45:37.160440+00:00,3.841847097,44.33521283
2025-03-03 20:45:38.674023+00:00,3.841847097,44.36043922
2025-03-03 20:45:40.215333+00:00,3.841847097,44.38612772
2025-03-03 20:45:41.704648+00:00,3.841847097,44.41094963
2025-03-03 20:45:43.237918+00:00,3.841847097,44.43650413
2025-03-03 20:45:44.779458+00:00,3.841847097,44.46219647
2025-03-03 20:45:46.287802+00:00,3.841847097,44.48733553
2025-03-03 20:45:47.769356+00:00,3.841847097,44.5120281
2025-03-03 20:45:49.288346+00:00,3.841847097,44.5373446
2025-03-03 20:45:51.205841+00:00,3.841847097,44.56930285
2025-03-03 20:45:52.754261+00:00,3.841847097,44.59510985
2025-03-03 20:45:54.288179+00:00,3.841847097,44.62067515
2025-03-03 20:45:55.838018+00:00,3.841847097,44.6465058
2025-03-03 20:45:57.307354+00:00,4.32182438,44.67099473
2025-03-03 20:45:58.814694+00:00,4.32182438,44.69611707
2025-03-03 20:46:00.285975+00:00,4.32182438,44.72063842
2025-03-03 20:46:01.792023+00:00,4.32182438,44.74573922
2025-03-03 20:46:05.511802+00:00,4.32182438,44.80773553
2025-03-03 20:46:07.031941+00:00,4.861696786,44.83307118
2025-03-03 20:46:08.549786+00:00,4.861696786,44.8583686
2025-03-03 20:46:10.090610+00:00,4.861696786,44.884049
2025-03-03 20:46:11.601310+00:00,4.861696786,44.90922733
2025-03-03 20:46:13.095377+00:00,4.861696786,44.93412845
2025-03-03 20:46:14.599602+00:00,4.861696786,44.95919887
2025-03-03 20:46:16.069212+00:00,4.861696786,44.98369237
2025-03-03 20:46:17.600619+00:00,4.90838351,45.00921582
2025-03-03 20:46:19.155254+00:00,4.90838351,45.0351264
2025-03-03 20:46:22.926830+00:00,4.90838351,45.097986
2025-03-03 20:46:24.444944+00:00,4.90838351,45.1232879
2025-03-03 20:46:26.054237+00:00,4.90838351,45.15010945
2025-03-03 20:46:27.538882+00:00,4.779791298,45.17485353
2025-03-03 20:46:29.032027+00:00,4.779791298,45.19973928
2025-03-03 20:46:30.529376+00:00,4.779791298,45.2246951
2025-03-03 20:46:32.057213+00:00,4.779791298,45.25015905
2025-03-03 20:46:33.631900+00:00,4.779791298,45.27640383
2025-03-03 20:46:35.197073+00:00,4.779791298,45.30249005
2025-03-03 20:46:36.798688+00:00,4.779791298,45.32918363
2025-03-03 20:46:38.310024+00:00,4.779791298,45.35437257
2025-03-03 20:46:39.814911+00:00,4.779791298,45.37945402
2025-03-03 20:46:41.326872+00:00,4.779791298,45.40465337
2025-03-03 20:46:42.841840+00:00,4.779791298,45.42990283
2025-03-03 20:46:44.360578+00:00,4.779791298,45.45521513
2025-03-03 20:46:45.887851+00:00,4.779791298,45.48066968
2025-03-03 20:46:47.370686+00:00,4.85999046,45.5053836
2025-03-03 20:46:48.918930+00:00,4.85999046,45.53118767
2025-03-03 20:46:50.452912+00:00,4.85999046,45.55675403
2025-03-03 20:46:51.985264+00:00,4.85999046,45.58229323
2025-03-03 20:46:53.477592+00:00,4.85999046,45.60716537
2025-03-03 20:46:54.996489+00:00,4.85999046,45.63248032
2025-03-03 20:46:56.526242+00:00,4.85999046,45.6579762
2025-03-03 20:46:58.038315+00:00,4.850155855,45.68317742
2025-03-03 20:46:59.568335+00:00,4.850155855,45.70867775
2025-03-03 20:47:01.083254+00:00,4.850155855,45.7339264
2025-03-03 20:47:02.639140+00:00,4.850155855,45.75985783
2025-03-03 20:47:04.197367+00:00,4.850155855,45.78582828
2025-03-03 20:47:06.156719+00:00,4.850155855,45.81848415
2025-03-03 20:47:07.679438+00:00,4.980120408,45.8438628
2025-03-03 20:47:09.167885+00:00,4.980120408,45.86867025
2025-03-03 20:47:10.680574+00:00,4.980120408,45.89388173
2025-03-03 20:47:12.353449+00:00,4.980120408,45.92176298
2025-03-03 20:47:13.886816+00:00,4.980120408,45.9473191
2025-03-03 20:47:15.463887+00:00,4.980120408,45.97360362
2025-03-03 20:47:16.984187+00:00,4.732488893,45.99894195
2025-03-03 20:47:18.536132+00:00,4.732488893,46.0248077
2025-03-03 20:47:20.070075+00:00,4.732488893,46.05037342
2025-03-03 20:47:21.600059+00:00,4.732488893,46.07587315
2025-03-03 20:47:23.116868+00:00,4.732488893,46.1011533
2025-03-03 20:47:24.627107+00:00,4.732488893,46.12632395
2025-03-03 20:47:26.158360+00:00,4.732488893,46.15184483
2025-03-03 20:47:27.681072+00:00,4.893415998,46.17722337
2025-03-03 20:47:29.204439+00:00,4.893415998,46.20261282
2025-03-03 20:47:30.730074+00:00,4.893415998,46.22804007
2025-03-03 20:47:32.258986+00:00,4.893415998,46.25352193
2025-03-03 20:47:33.767965+00:00,4.893415998,46.27867158
2025-03-03 20:47:35.280828+00:00,4.893415998,46.30388597
2025-03-03 20:47:36.838320+00:00,4.893415998,46.32984417
2025-03-03 20:47:38.372682+00:00,4.893415998,46.35541687
2025-03-03 20:47:39.859343+00:00,4.893415998,46.38019455
2025-03-03 20:47:41.758847+00:00,4.893415998,46.41185295
2025-03-03 20:47:43.288061+00:00,4.893415998,46.43733985
2025-03-03 20:47:44.906694+00:00,4.893415998,46.46431707
2025-03-03 20:47:46.601131+00:00,4.893415998,46.49255768
2025-03-03 20:47:48.084138+00:00,4.675212445,46.51727447
2025-03-03 20:47:49.610225+00:00,4.675212445,46.54270925
2025-03-03 20:47:51.208952+00:00,4.675212445,46.5693547
2025-03-03 20:47:52.710927+00:00,4.675212445,46.59438762
2025-03-03 20:47:54.220679+00:00,4.675212445,46.61955015
2025-03-03 20:47:55.780563+00:00,4.675212445,46.64554822
2025-03-03 20:47:57.263242+00:00,4.675212445,46.67025953
2025-03-03 20:47:58.891393+00:00,4.715890781,46.69739538
2025-03-03 20:48:00.381857+00:00,4.715890781,46.72223645
2025-03-03 20:48:01.942517+00:00,4.715890781,46.74824745
2025-03-03 20:48:03.421900+00:00,4.715890781,46.77290383
2025-03-03 20:48:04.973297+00:00,4.715890781,46.79876045
2025-03-03 20:48:06.510008+00:00,4.715890781,46.8243723
2025-03-03 20:48:08.051211+00:00,4.571907509,46.85005902
2025-03-03 20:48:09.559266+00:00,4.571907509,46.87519327
2025-03-03 20:48:11.045326+00:00,4.571907509,46.89996093
2025-03-03 20:48:12.570426+00:00,4.571907509,46.92537927
2025-03-03 20:48:14.123454+00:00,4.571907509,46.95126307
2025-03-03 20:48:15.583042+00:00,4.571907509,46.97558953
2025-03-03 20:48:17.068686+00:00,4.571907509,47.00035027
2025-03-03 20:48:18.561597+00:00,4.377810443,47.02523212
2025-03-03 20:48:20.221414+00:00,4.377810443,47.05289573
2025-03-03 20:48:21.755950+00:00,4.377810443,47.07847133
2025-03-03 20:48:23.242997+00:00,4.377810443,47.10325545
2025-03-03 20:48:24.763040+00:00,4.377810443,47.1285895
2025-03-03 20:48:26.278865+00:00,4.377810443,47.15385325
2025-03-03 20:48:27.780891+00:00,4.68344965,47.17888702
2025-03-03 20:48:29.329495+00:00,4.68344965,47.20469708
2025-03-03 20:48:30.798859+00:00,4.68344965,47.22918648
2025-03-03 20:48:32.332026+00:00,4.68344965,47.25473927
2025-03-03 20:48:33.894280+00:00,4.68344965,47.28077683
2025-03-03 20:48:35.433814+00:00,4.68344965,47.30643573
2025-03-03 20:48:36.962457+00:00,4.68344965,47.33191312
2025-03-03 20:48:38.478972+00:00,4.68344965,47.35718837
2025-03-03 20:48:40.009681+00:00,4.68344965,47.38270018
2025-03-03 20:48:41.494268+00:00,4.68344965,47.4074433
2025-03-03 20:48:42.970076+00:00,4.68344965,47.4320401
2025-03-03 20:48:44.528519+00:00,4.68344965,47.45801415
2025-03-03 20:48:46.078263+00:00,4.68344965,47.48384322
2025-03-03 20:48:47.579301+00:00,4.68344965,47.50886052
2025-03-03 20:48:49.171510+00:00,4.80912874,47.53539733
2025-03-03 20:48:50.689723+00:00,4.80912874,47.56070088
2025-03-03 20:48:52.245500+00:00,4.80912874,47.5866305
2025-03-03 20:48:53.744197+00:00,4.80912874,47.61160878
2025-03-03 20:48:55.278801+00:00,4.80912874,47.63718552
2025-03-03 20:48:56.837772+00:00,4.80912874,47.66316837
2025-03-03 20:48:58.364956+00:00,4.610495575,47.68862143
2025-03-03 20:49:00.170351+00:00,4.610495575,47.71871135
2025-03-03 20:49:01.729938+00:00,4.610495575,47.74470447
2025-03-03 20:49:03.366039+00:00,4.610495575,47.77197282
2025-03-03 20:49:05.008593+00:00,4.610495575,47.79934872
2025-03-03 20:49:06.520702+00:00,4.610495575,47.82455053
2025-03-03 20:49:08.043136+00:00,4.734820395,47.84992443
2025-03-03 20:49:09.597220+00:00,4.734820395,47.87582583
2025-03-03 20:49:11.130285+00:00,4.734820395,47.90137692
2025-03-03 20:49:12.631215+00:00,4.734820395,47.92639242
2025-03-03 20:49:14.332687+00:00,4.734820395,47.95475028
2025-03-03 20:49:15.805581+00:00,4.734820395,47.97929852
2025-03-03 20:49:17.305682+00:00,4.734820395,48.0043002
2025-03-03 20:49:18.829322+00:00,4.697988583,48.0296942
2025-03-03 20:49:20.362977+00:00,4.697988583,48.05525512
2025-03-03 20:49:21.851473+00:00,4.697988583,48.08006338
2025-03-03 20:49:23.361459+00:00,4.697988583,48.10522982
2025-03-03 20:49:24.879145+00:00,4.697988583,48.13052458
2025-03-03 20:49:26.445133+00:00,4.697988583,48.15662438
2025-03-03 20:49:28.044747+00:00,4.697988583,48.18328462
2025-03-03 20:49:29.607562+00:00,4.543761077,48.20933153
2025-03-03 20:49:31.083379+00:00,4.543761077,48.23392848
2025-03-03 20:49:32.573652+00:00,4.543761077,48.25876637
2025-03-03 20:49:34.081138+00:00,4.543761077,48.28389113
2025-03-03 20:49:35.606629+00:00,4.543761077,48.30931598
2025-03-03 20:49:37.102759+00:00,4.543761077,48.33425148
2025-03-03 20:49:38.664208+00:00,4.543761077,48.36027563
2025-03-03 20:49:40.214758+00:00,4.543761077,48.38611813
2025-03-03 20:49:41.763087+00:00,4.543761077,48.41192362
2025-03-03 20:49:43.270617+00:00,4.543761077,48.43704912
2025-03-03 20:49:44.842621+00:00,4.543761077,48.46324918
2025-03-03 20:49:46.336788+00:00,4.543761077,48.48815197
2025-03-03 20:49:47.878265+00:00,4.543761077,48.51384325
2025-03-03 20:49:49.377755+00:00,4.024380076,48.53883475
